4050 6175
106 300 185 365 iias
361 300 499 368 nisan.
522 303 742 378 ouasnaau
764 303 882 370 nore
901 305 942 370 iii
963 304 1179 371 susionis
1202 308 1235 372 s.
1257 263 1398 372 naonis
1419 259 1557 410 uacui,
1731 310 1812 376 isso

104 433 179 490 stola
195 451 255 490 una
266 435 301 491 ad
311 435 600 560 quinqueuiricanos
613 439 765 563 episcopos
776 438 929 493 laniiliaris
945 443 968 510 Α
987 439 1054 494 itere
1066 438 1226 495 mullorum
1236 439 1384 508 intererat,
1395 440 1441 497 vix
1452 441 1482 498 iu
1493 441 1603 513 aliquot
1614 457 1684 498 mss.
1697 444 1781 499 codd.
1794 462 1811 499 a

103 505 310 563 dieiturinCo
334 508 376 562 iee
399 525 544 563 canonum
571 510 703 564 Eccesiia
730 510 876 570 ltomaiiir,
902 517 929 565 et
987 512 1071 565 nobis
1085 512 1447 581 essereprriamaacetin
1459 529 1515 568 ms.
1527 513 1692 569 Corbeicnsi
1704 514 1808 571 biblio·

102 578 184 644 alibi,
201 582 235 633 ut
249 578 433 634 discernatur
447 581 483 634 ab
498 581 574 647 aliis,
599 583 707 652 quibus
722 582 756 635 ad
774 582 929 652 synodicas
985 581 1074 636 tliecie
1087 589 1114 637 S.
1124 582 1259 636 Germani
1273 582 1393 638 aPratis
1404 600 1461 637 nou
1473 585 1643 655 spernenda
1654 585 1812 658 antiquita·

100 649 305 705 Africanorum
321 650 486 706 antistitum
516 669 550 706 eii
574 654 684 724 synodo
701 652 811 725 pariter
826 653 929 708 rescri-
984 652 1032 718 tis,
1049 658 1077 708 et
1091 652 1121 708 in
1137 652 1227 709 altero
1241 654 1390 718 'lbuauem
1406 656 1454 709 sed
1467 655 1516 726 qui
1532 655 1698 712 corbeiensi
1714 657 1754 712 ita
1770 657 1810 712 si-

102 721 200 776 bebat.
985 723 1065 778 milis
1075 729 1127 782 est.
1143 730 1174 779 ut
1184 742 1217 780 ex
1226 740 1259 778 ao
1271 725 1482 797 transcriptum
1491 742 1558 782 eum
1570 726 1745 783 existimem.
1757 728 1811 785 Ha-

136 793 164 847 o.
180 791 340 874 Dossiitonie
361 792 529 864 presbytero.
555 792 712 876 Episcopos
736 794 928 850 ordinationis
984 795 1602 854 beturetiumditwinViotorinoomnium
1612 798 1810 872 Epistolarum

100 867 223 918 nuntios
234 879 457 934 nonnumquam
474 865 608 920 videmus
630 882 764 920 missosa
780 866 928 937 primariis
982 872 1010 920 et
1025 871 1198 921 Sermonum
1225 868 1316 922 sancti
1334 867 1437 923 Leonis
1453 869 1550 925 codice
1566 887 1624 925 non
1648 871 1809 928 admodum

4 991 5 994 ,
100 933 162 990 illis
180 934 311 1000 sedibus,
324 952 390 990 cuin
401 936 542 990 nimirum
551 953 651 990 eorum
664 937 752 1008 aliqui
765 937 927 993 Romanam
982 937 1113 1008 antiquo,
1124 938 1171 992 viii
1183 939 1210 992 in
1225 938 1291 992 aliis
1303 955 1376 996 mss.
1386 940 1536 995 codicibus
1545 942 1809 1013 apparet.Habetur

99 1006 310 1087 prosectionem
325 1007 495 1063 ambibunt:
522 1007 680 1079 aliquando
704 1008 864 1089 presbyteri
883 1008 926 1063 val
983 1009 1012 1062 iu
1029 1009 1192 1065 isidoriana
1214 1009 1393 1066 collectione.
1408 1012 1492 1083 Apud
1508 1012 1637 1066 Yvouem
1653 1017 1681 1067 et
1695 1012 1807 1069 Gratia-

4 1123 5 1152 ,
100 1077 929 1142 ininorumetiamordinumclericiilireetisuntcumlit·
983 1081 1316 1150 numesstatejsudem
1332 1082 1809 1151 memoria:bicenimdistltle.

100 1148 192 1205 teris:
210 1165 434 1221 nonnumquam
450 1157 607 1222 utramque
619 1151 772 1215 omissum,
784 1149 860 1205 atde
877 1151 929 1206 Ba·
981 1153 1022 1206 lta
1037 1152 1179 1208 Dominus.
1190 1151 1281 1222 liujus
1298 1152 1425 1224 epistole
1441 1153 1570 1225 primum
1583 1159 1670 1226 eaput
1687 1153 1746 1212 lero
1761 1159 1806 1212 to·

98 1218 167 1277 silio
183 1220 364 1277 Antiocheno
380 1220 514 1292 queritur
527 1220 582 1276 Leo
598 1222 701 1277 1316
725 1227 825 1276 noster
839 1223 925 1293 epist.
981 1227 1043 1277 tum
1060 1222 1217 1277 describit:
1235 1222 1284 1278 ille
1297 1240 1365 1279 vero
1381 1229 1463 1296 parte
1481 1224 1586 1297 quinta
1600 1242 1663 1297 cap.
1682 1227 1709 1282 6.
1726 1225 1807 1282 Hanc

4 1337 5 1348 ,
97 1292 151 1347 ils
177 1291 263 1362 (narie
278 1292 351 1360 iia).
373 1292 461 1347 Porro
478 1291 668 1347 Possidonius
684 1294 834 1365 presbyter
847 1292 925 1347 idem
980 1310 1046 1347 vere
1061 1293 1164 1349 Leonis
1179 1310 1253 1361 esse,
1269 1299 1298 1350 et
1313 1294 1408 1367 stylus
1424 1299 1452 1351 et
1474 1298 1536 1352 tota
1557 1295 1686 1369 epistolia
1715 1297 1806 1356 series

3 1367 5 1420 ζ
96 1367 152 1430 est,
171 1363 285 1433 opinor,
299 1380 333 1418 ae
348 1362 489 1418 diaconus
505 1360 554 1419 ille
569 1364 619 1435 qui
634 1364 756 1420 Romam
772 1363 841 1420 olim
854 1364 926 1419 mis·
981 1369 1119 1436 arguunt.

4 1435 6 1516 ,
96 1450 149 1490 sus
161 1440 207 1489 est
222 1450 239 1488 a
253 1434 358 1507 Cyrillo
374 1433 503 1490 Dioscuri
520 1437 733 1507 praedecessore
743 1435 779 1490 ad
794 1433 925 1491 Coelesti-
1014 1441 1042 1491 2.
1058 1437 1112 1491 Per
1128 1437 1317 1504 Viennensem,
1334 1440 1389 1491 ete.
1407 1436 1439 1491 ln
1454 1436 1544 1492 veteri
1559 1437 1677 1509 scheda,
1696 1438 1803 1512 inquit,

96 1522 173 1587 num
193 1522 299 1577 papam
317 1523 342 1560 a.
359 1506 420 1573 430,
439 1511 574 1561 nascente
599 1510 660 1560 tuin
676 1505 924 1562 Nestorianahae·
979 1505 1306 1574 JacobusSirmondus,
1323 1507 1384 1562 bac
1411 1507 1535 1580 epistola
1553 1509 1657 1566 Leonis
1685 1527 1743 1567 non
1767 1511 1804 1566 ad

4 1583 5 1586 ’
96 1592 172 1642 resi;
197 1592 286 1647 quain
302 1577 339 1633 ob
354 1593 472 1632 cansam
488 1576 639 1634 multoties
652 1577 774 1633 Romam
799 1578 924 1633 missum
979 1577 1804 1651 Viennensiaiantumprovincia,sedetiamadMaxima

95 1648 172 1703 dicit
188 1647 254 1702 Leo.
979 1649 1181 1721 Sequanorum
1192 1650 1343 1722 episcopos
1354 1649 1622 1707 missainseribitur
1632 1650 1687 1708 lioe
1698 1654 1803 1709 modo:

4 1771 5 1786 ,
131 1725 159 1774 t.
177 1718 338 1789 apostolice
353 1721 533 1775 iirieloriiatis.
552 1718 882 1775 transamundum.
896 1725 925 1774 et
980 1723 1018 1791 (li)
1039 1722 1229 1776 Dilectissimis
1256 1723 1393 1776 aiiiuersis
1421 1722 1552 1792 episcopis
1573 1738 1624 1794 per
1649 1725 1810 1794 prouincias-

4 1793 5 1848 ]
93 1790 206 1846 Victor.
233 1805 344 1844 necnon
369 1790 439 1844 edit.
457 1790 485 1845 P.
507 1790 627 1855 Canisii,
653 1789 787 1856 Nicoliui,
805 1791 921 1857 Grabbi
937 1806 961 1872 Β
978 1793 1560 1864 llaeimamSequanornmctl'ienneasium
1574 1796 1729 1850 constitutis
1740 1796 1804 1851 Leo.

4 1867 8 1876 '
94 1859 188 1924 Sarii,
203 1860 347 1924 Sicliardi,
365 1859 537 1917 Merliuiana
560 1861 673 1924 Isidori,
690 1866 743 1916 etc.
761 1862 819 1917 Hoc
833 1864 922 1917 etiam
978 1862 1737 1936 Quaeresetprobabilemdelaoosynodimimirum
1752 1869 1806 1922 Ve-

4 3720 9 3743 ⁷
97 3732 133 3770 ac
147 3712 313 3785 prasertim
330 3712 547 3768 observationes
563 3712 591 3766 in

4 3802 7 3815 ·
97 3781 927 3861 part.i,c.2,n.t,ubi⁴istaminscriptionemvindicavimus.

4 1939 8 1998 ζ
95 1931 185 1987 modo
201 1931 272 2014 legit
287 1930 444 1987 Duronius:
462 1935 494 1986 ut
503 1932 605 1987 merito
620 1932 725 2004 corrigi
735 1932 861 1989 debeant
871 1933 924 1988 aa

4 2011 8 2074 ζ
94 2017 186 2058 mana
200 2003 289 2057 editio
304 2007 333 2056 et
357 2002 419 2056 aliia
435 2019 498 2075 qaae
514 2003 639 2058 habent:
669 2005 829 2076 spostolicae
853 2005 924 2060 sedis

4 2085 7 2138 ζ
94 2075 280 2137 audacitatis,
305 2078 334 2129 et
349 2078 496 2145 postrema
524 2074 718 2130 Consiliorum
743 2075 923 2146 ediumque

4 2155 9 2164 '
93 2146 174 2202 bano
185 2143 369 2202 subdititiam
381 2146 534 2202 lectionem
547 2147 575 2200 in
592 2152 668 2200 textu
681 2147 779 2210 babet,
790 2152 819 2201 et
833 2146 922 2201 aliam

3 2231 5 2236 ⁴
93 2217 174 2273 banc
185 2217 311 2289 margini
323 2217 465 2281 inscribit,
478 2218 637 2288 Apostoliu‘i:
645 2217 716 2272 sedis
726 2219 875 2272 auctoritas
886 2226 923 2272 te·

92 2294 151 2344 net.
165 2289 227 2343 Non
239 2288 316 2344 enim
328 2289 362 2342 ad
376 2286 541 2358 apostolicae
557 2289 844 2344 sedisauctoritatcm
857 2289 923 2343 atti·

92 2364 166 2415 nent
177 2360 240 2415 baeo
251 2359 409 2426 verbasci
422 2359 457 2414 ad
470 2359 654 2415 traditionem
667 2358 923 2430 apostolicamseu

4 2487 5 2494 ,
92 2433 129 2488 ad
149 2430 378 2488 Consuetudinem
387 2431 525 2485 Romana
537 2429 715 2486 Ecclesiam
729 2435 819 2501 sonna
852 2434 924 2486 ater-

4 2511 10 2568 [
90 2518 141 2560 nae
151 2501 310 2558 traditionis
318 2502 489 2568 derivatam,
502 2508 532 2556 ut
545 2503 646 2574 paucis
657 2508 724 2557 ante
734 2502 819 2556 lineis
830 2449 923 2574 idqui-

4 2573 5 2596 ³
91 2580 153 2642 tur,
183 2591 249 2639 seu,
266 2577 298 2628 ut
321 2589 385 2644 cap.
407 2573 480 2639 l,ad
508 2575 698 2628 auctoritateret
721 2574 925 2629 consuetudinis

91 2662 178 2719 quain
192 2661 228 2699 ce
242 2645 400 2715 apostolica,
419 2644 527 2716 inquit,
542 2644 669 2698 nouimus
685 2646 778 2699 uenire
789 2645 924 2712 doctrinm

92 2733 186 2790 quam
205 2716 307 2770 eodem
322 2714 384 2770 loco
399 2716 548 2786 apostolica
562 2716 688 2771 institiae
701 2715 838 2788 appellat.

331 2831 368 2900 (a)
381 2830 428 2887 AD
439 2830 641 2887 epistotam
658 2831 690 2887 X.

188 2902 327 2974 episcopis
336 2901 484 2962 Gallicanis
500 2903 658 2959 Viennensis
671 2903 834 2974 prouincia.

131 3000 160 3056 t.
177 2997 278 3054 Mirari
294 2999 375 3054 subit
388 2999 464 3054 hanc
478 3004 538 3053 tam
554 2998 698 3054 celebrem
715 3000 847 3083 tantique
862 3019 924 3056 mo·

4 3067 5 3097 ³
95 3072 191 3129 urenti
203 3069 368 3144 epistolam,
379 3088 467 3144 quain
480 3071 643 3128 exscribere
654 3089 687 3128 ac
698 3072 858 3145 posteritati
871 3078 926 3128 tra-

978 1934 1122 2006 soutione)
1130 1935 1327 2006 conjecturam
1337 1934 1414 2003 lacit,
1422 1937 1451 1990 et
1460 1934 1644 1992 Calidoniam
1656 1936 1805 1994 Vesontio-

978 2006 1036 2066 nis,
1053 2023 1116 2077 quae
1130 2006 1262 2060 Maximis
1273 2011 1475 2078 Sequanorum
1486 2011 1531 2062 est
1545 2007 1726 2079 metropolis,
1743 2007 1804 2081 epi-

979 2093 1100 2148 scopum
1108 2077 1198 2131 luisse
1208 2079 1373 2131 coulirmat.
1385 2081 1450 2132 liae
1462 2075 1805 2151 Sirmondus,doqiiibus

978 2148 1049 2272 quid
1065 2147 1251 2204 sentiendum
1268 2148 1352 2203 nobis
1367 2147 1501 2202 videatur
1511 2150 1573 2219 jam
1589 2149 1701 2204 dietum
1716 2150 1801 2205 estin

1000 2218 1096 2274 issert.
1108 2221 1134 2274 5.
1148 2219 1206 2274 Hoc
1223 2217 1319 2273 solum
1331 2216 1405 2285 dico,
1421 2217 1503 2273 illam
1519 2218 1802 2291 incertaeantiquita·

977 2288 1017 2345 tis
1031 2307 1064 2344 aa
1080 2287 1147 2343 fidei
1160 2288 1298 2344 schedam
1310 2288 1441 2345 omnium
1456 2290 1509 2344 eod
1524 2306 1591 2345 eum
1607 2305 1659 2346 seu
1674 2303 1803 2350 massan

978 2376 1150 2416 excusorum
1168 2360 1337 2415 testimonio
1348 2361 1567 2432 praeponderare
1578 2377 1636 2416 uon
1647 2376 1749 2488 Basse:
1762 2361 1804 2417 ui·

977 2432 1020 2486 hil
1034 2432 1112 2487 enim
1128 2431 1333 2486 taleexbibent
1344 2435 1487 2503 quotquot
1497 2430 1594 2488 videre
1610 2448 1647 2487 no
1669 2431 1694 2487 is
1709 2433 1802 2488 conti·

978 2503 1030 2628 fiii,
1043 2508 1070 2557 et
1081 2502 1246 2574 insuperata
1258 2502 1304 2557 bis
1314 2501 1470 2558 confictum
1481 2518 1546 2559 esse
1556 2502 1739 2575 titulum,qui
1751 2503 1802 2559 Ce-

991 2573 1088 2629 idonio
1099 2574 1197 2634 sedem
1212 2573 1389 2629 i'esantione
1405 2590 1542 2645 posuere:
1556 2575 1633 2647 quod
1644 2574 1723 2631 omui
1736 2589 1801 2647 pro-

979 2644 1132 2700 babilitate
1142 2661 1240 2699 carcre
1254 2643 1447 2700 ostendimus.
1777 2695 1781 2708 ,

1013 2717 1040 2770 3.
1059 2717 1280 2771 Paiivcmiiirsn
1294 2731 1475 2782 coiiociiair,
1489 2719 1514 2771 et
1523 2716 1557 2771 ab
1572 2717 1631 2787 ipso
1645 2718 1726 2790 quasi
1738 2733 1803 2788 qao·

978 2788 1042 2842 dein
1056 2791 1144 2859 rapite
1158 2788 1229 2842 itoua
1242 2803 1293 2842 sua
1309 2789 1372 2842 uelit
1388 2789 1418 2842 in
1430 2803 1509 2843 osane
1519 2803 1615 2871 eorpus
1628 2793 1805 2845 manaretta

978 2857 1063 2913 Corb.
1079 2863 1108 2913 et
1136 2858 1251 2913 'thuan
1280 2858 1355 2925 cod,
1371 2875 1423 2930 pro
1445 2875 1504 2930 quo
1528 2873 1612 2931 prius
1633 2859 1804 2932 legebatur:

980 2929 1138 2996 collocaret,
1156 2934 1186 2984 ut
1209 2931 1242 2985 ab
1267 2931 1326 3001 ipso
1341 2932 1420 3002 quasi
1434 2929 1551 3002 quodam
1563 2932 1650 3003 eapite
1669 2930 1741 2987 dorio
1755 2943 1807 2986 sua

979 3002 1053 3056 relat
1069 3003 1098 3056 iu
1113 3017 1193 3056 enine
1206 3017 1303 3071 eorpus
1313 3001 1487 3074 diffunderet.
1499 3001 1561 3057 Erit
1571 3002 1671 3059 forsan
1687 3000 1806 3075 quibas

979 3088 1074 3143 voces,
1090 3077 1126 3141 (c)
1139 3073 1333 3145 principaliter
1343 3074 1492 3142 collocarit,
1503 3072 1546 3130 sio
1555 3073 1808 3148 interpretabitur,

651 3186 947 3243 BALLERlNIORUM
966 3187 1252 3244 ANNOTA'DIONES.

133 3288 174 3360 (a)
190 3287 263 3342 Cum
280 3283 433 3357 epistolam
449 3286 526 3367 apud
539 3284 725 3350 Ouesuellum
735 3288 750 3337 9
762 3285 798 3340 ad
809 3283 925 3367 ⁸episco-
942 3287 963 3354 C
983 3302 1060 3341 uere.
1079 3285 1307 3357 Recedetergoa
1321 3284 1469 3341 soliditate
1482 3286 1567 3354 Petri,
1580 3286 1658 3360 quia
1673 3287 1807 3343 doctrina

96 3377 151 3433 pus
166 3358 334 3415 Gallicanos
345 3356 519 3413 Viennensis
534 3357 686 3429 provincie
698 3358 885 3427 repererimus
897 3373 926 3411 in

4 3437 5 3503 j
95 3431 293 3503 appendicem
308 3427 503 3499 Epistolarum
523 3433 594 3483 tom.
617 3429 639 3496 l,
655 3428 710 3483 col.
730 3429 925 3493 recusatam

4 3506 5 3573 f
96 3503 239 3558 fusiorem
256 3497 403 3564 Ouesnelli
421 3500 450 3554 iu
466 3499 666 3555 admonitione
680 3500 704 3555 ei
722 3499 926 3571 praelixainse-

4 3586 9 3599 ²
96 3570 384 3629 ruimiiscol.1tii5.

4 3650 6 3673 ²
134 3646 175 3715 lle)
192 3639 581 3711 Videanaot.2(Col.DES,n.
604 3638 927 3766 nqiuhaaoepistolam,

637 3711 733 3766 issert.
747 3714 764 3767 5
779 3711 927 3776 Ouusuelli

135 3860 252 3927 (etQuo
274 3854 477 3910 sensuS.Leo
498 3857 592 3927 capt
624 3871 696 3910 usas
726 3855 765 3909 sit
793 3854 929 3909 ad'verbio

4 3956 5 3961 κ
97 3929 297 4001 principaliter
311 3942 345 3980 eii
360 3930 493 3980 contestu
511 3924 551 3979 ita
571 3926 758 3997 perspicuum
776 3926 818 3992 sit,
834 3929 867 3980 ut
881 3941 929 3979 ex-

4 4008 5 4029 ³
99 4000 224 4073 plicatio
239 3997 387 4062 Quesuelli

422 3997 500 4051 otius
515 3996 729 4069 invoivatquod
746 3994 857 4050 claram
874 4000 928 4062 est,

4 4072 5 4075 ’
99 4087 193 4144 quam
220 4069 378 4124 obscurum
394 4014 529 4122 declaret.
546 4067 685 4140 Loquitur
699 4068 728 4121 S.
751 4058 876 4137 pentilus
894 4067 929 4121 de

4 4170 5 4173 ¹
123 4142 309 4196 radicatione
325 4139 472 4209 Evangelii
489 4138 517 4192 in
535 4139 670 4195 universo
692 4139 814 4206 mundo,
841 4155 929 4211 quam

101 4163 238 4269 dinisius
253 4210 394 4282 apostolis
409 4210 721 4277 eoinmisit‚sieutsc1·i
744 4215 808 4265 tum
824 4215 882 4266 est:
899 4211 930 4264 ln

99 4300 212 4341 omnem
228 4287 330 4338 terrem
339 4284 426 4337 eaieit
440 4286 664 4346 conmemorant
675 4228 783 4352 inppues
793 4282 866 4337 orbis
876 4285 930 4336 ter·

101 4371 144 4413 ree
160 4356 242 4411 uerba
258 4370 362 4409 eoram.
387 4353 446 4407 Hoc
463 4356 559 4406 antem
582 4352 712 4408 ol'lieium
729 4353 768 4406 ita
783 4371 800 4407 a
815 4352 931 4407 Christo

100 4427 245 4485 omuibus
260 4423 399 4497 apostolis
409 4423 600 4479 commissum
615 4424 752 4486 affirmat,
768 4429 801 4477 ut
811 4424 840 4477 in
852 4424 932 4478 Petro

101 4499 290 4569 apostoloram
305 4498 429 4552 cranium
441 4510 546 4549 semiim
553 4495 746 4565 principaliter
756 4495 932 4558 collocaritet

100 4574 137 4625 alr
156 4569 304 4640 ipsoquosi
317 4567 434 4638 quedam
448 4567 547 4638 capite,
563 4566 635 4621 dona
649 4582 699 4619 sua
710 4566 774 4619 ueld
790 4568 820 4619 in
835 4582 932 4637 corpus

982 3354 1049 3411 lidei
1066 3357 1139 3411 Petri
1156 3362 1183 3411 ei
1195 3356 1392 3411 Romanorum
1407 3356 1665 3440 pontificumque
1678 3357 1709 3413 in
1720 3359 1805 3414 Petro

981 3427 1106 3482 solidata
1119 3427 1173 3482 luit
1187 3443 1204 3481 u
1218 3426 1343 3495 Christo,
1359 3428 1520 3500 eademque
1535 3426 1682 3485 soliditate
1697 3429 1733 3483 ad
1749 3429 1804 3484 lio·

982 3515 1086 3554 nianos
1102 3498 1253 3569 pontifices
1269 3498 1412 3565 transivit,
1436 3499 1569 3555 recedere
1584 3499 1716 3555 voluerit.
1731 3500 1805 3555 Cum

982 3586 1068 3642 porro
1079 3569 1134 3624 Leo
1143 3570 1272 3625 al‘lirmat
1285 3585 1352 3624 eum
1365 3570 1415 3695 qui
1426 3586 1443 3625 a
1453 3569 1600 3626 soliditate
1609 3569 1686 3627 Petri
1698 3569 1807 3626 recedit

983 3647 1126 3697 exsortem
1142 3658 1206 3696 esse
1221 3640 1351 3712 mysterii
1387 3639 1682 3708 ivini,necessitatem
1695 3641 1808 3697 indicat

983 3712 1172 3767 conveniendi
1188 3728 1254 3765 cum
1270 3712 1327 3767 fide
1343 3710 1511 3767 etdoctrina
1522 3712 1597 3767 Petri
1612 3728 1645 3768 aa
1658 3726 1808 3769 successo·

983 3800 1049 3839 rum
1065 3784 1138 3853 ejus.
1149 3782 1207 3837 lIoe
1223 3799 1311 3837 sensu
1347 3783 1491 3839 radicatio
1507 3783 1573 3839 adei
1590 3782 1727 3840 omnibus
1739 3781 1809 3840 licet

984 3853 1125 3926 apostolis
1139 3853 1308 3924 commissa,
1324 3799 1407 3910 Beira
1419 3854 1615 3926 principaliter
1628 3853 1738 3910 credita
1751 3859 1807 3924 est,

984 3927 1055 3996 qaia
1070 3922 1123 3980 soli
1140 3926 1224 3980 Petro
1235 3925 1275 3980 ita
1286 3930 1330 3980 est
1340 3926 1460 3993 credita,
1475 3925 1616 3983 uteadem
1630 3925 1763 3983 soliditas
1774 3927 1808 3980 ss-

984 3997 1029 4052 dei
1040 3996 1075 4053 ad
1083 3996 1502 4067 successuresejnstransiens,
1510 3998 1648 4054 omnibus
1658 3996 1810 4054 catholicis

984 4068 1173 4122 conveniendi
1189 4069 1393 4123 necessitatem
1404 4068 1550 4140 imponat:
1561 4069 1638 4152 quod
1651 4068 1724 4125 nulii
1738 4067 1810 4125 ulia·

984 4156 1052 4195 rum
1068 4139 1156 4194 etium
1168 4156 1185 4193 a
1207 4138 1394 4195 ostolicarum
1404 4141 1518 4195 sedium
1530 4157 1666 4214 episcopo
1677 4139 1809 4213 contigit.

985 4212 1079 4274 Quare
1094 4211 1130 4264 de
1146 4157 1228 4265 uuila
1251 4209 1308 4265 ulia
1331 4211 1400 4266 sede
1415 4210 1458 4267 vel
1475 4211 1612 4277 Ecclesia,
1629 4213 1680 4268 sed
1697 4213 1732 4267 de
1748 4211 1810 4267 sola

987 4284 1120 4337 Romana
1130 4281 1248 4352 scripsit
1257 4282 1285 4335 S.
1300 4286 1427 4337 tranans
1439 4283 1475 4338 ab
1486 4282 1550 4354 ipso
1561 4281 1714 4347 Qaesuello
1723 4281 1810 4355 paulo

986 4360 1052 4409 autc
1068 4352 1223 4407 laudatus:
1253 4352 1292 4407 Ad
1314 4353 1464 4408 Romanam
1478 4355 1625 4409 Ecclesiam
1636 4357 1749 4425 propter
1761 4368 1809 4424 pe·

986 4425 1130 4480 lentiorem
1142 4425 1379 4494 principalitatem
1387 4440 1493 4479 maesse
1502 4433 1540 4479 est
1551 4439 1658 4478 emnem
1666 4424 1812 4479 eoiieenire

988 4496 1143 4551 Ecclesium
1163 4494 1194 4548 id
1210 4493 1370 4565 intelligere
1385 4511 1443 4549 aori
1455 4495 1550 4566 potuit
1564 4495 1599 4549 de
1612 4494 1717 4549 ritibus
1728 4493 1811 4549 etai-
1903 4534 1906 4539 <

988 4565 1122 4637 sciplina
1137 4582 1200 4637 quai
1216 4565 1246 4619 in
1262 4565 1398 4621 Ecclesiis
1417 4564 1539 4620 diversis
1563 4564 1607 4636 (eo
1623 4564 1812 4637 potissimum

101 4658 185 4697 omine
197 4655 312 4694 amisere
321 4657 331 4692 .·
346 4644 377 4693 nl
390 4648 523 4693 cesariem
532 4637 694 4719 senipsterii
706 4637 869 4706 iutelliperet
878 4653 934 4691 esse
950 4654 972 4719 D
988 4638 1128 4709 ternpore)
1144 4637 1258 4691 diversa
1271 4651 1335 4691 esse
1359 4639 1481 4706 poterat.
1497 4635 1538 4691 De
1550 4636 1613 4692 sola
1627 4636 1762 4693 doctrina
1776 4636 1815 4692 ss-

101 4713 205 4775 itiuini,
223 4712 271 4782 qai
285 4726 368 4766 ausas
380 4710 477 4779 [uisset
492 4725 509 4763 a
531 4708 607 4764 Petri
633 4706 771 4763 soliditate
800 4707 931 4762 recedere.
987 4709 1033 4765 dei
1045 4706 1258 4778 accipiendum,
1271 4723 1333 4778 quie
1345 4706 1447 4761 cumin
1458 4707 1595 4763 omnibus
1606 4707 1816 4766 Ecclesiisuna

101 4783 201 4839 Verba
217 4782 325 4853 quibus
350 4781 451 4835 Petrus
475 4781 660 4850 apostolorum
675 4780 797 4833 omri-ium
812 4794 933 4834 siruamus

102 4854 225 4918 dicitur,
242 4852 399 4923 primatum
424 4852 489 4923 ejus
505 4849 581 4906 inter
602 4851 748 4922 apostolas
763 4850 930 4905 declarant:

103 4926 198 4995 bajus
207 4928 303 4979 autem
312 4923 456 4995 primatus
465 4922 522 4977 vim
532 4921 768 4992 atquoratioucm
781 4920 934 4991 sequentia

103 4995 262 5068 explicant.
280 4995 379 5066 ipsum
395 4993 505 5049 scilieet
517 4991 730 5075 predicationis
747 5008 865 5059 munuS,
878 4992 932 5047 etsi

104 5066 248 5122 omnibus
261 5065 400 5138 apostolis
416 5082 620 5125 commissum,
635 5062 745 5118 ratione
761 5070 856 5117 tamen
874 5063 932 5135 pri·

104 5134 935 5220 matiisprincipatitercollocotumalDruiatinPetrotaiii·

104 5226 197 5283 qnam
210 5226 239 5263 in
255 5208 455 5282 capite,aquo
471 5206 933 5274 suadonainomnesdimaueut,

103 5282 197 5354 idque
212 5279 253 5335 ita
269 5287 300 5335 ut
313 5290 432 5339 eaortrm
446 5295 473 5336 se
493 5278 621 5350 mysterii
634 5277 800 5346 inlelliperet
822 5294 877 5332 esse
892 5277 933 5331 iti-

103 5353 177 5417 aiui,
189 5353 237 5423 qui
247 5367 331 5406 ausus
339 5353 436 5423 suisset
445 5368 462 5405 o
470 5351 546 5405 Petri
554 5349 695 5404 soliditate
703 5346 835 5403 recedere.
847 5348 935 5404 Porro

103 5423 317 5482 soliditasl'etri
325 5422 441 5478 dePetri
450 5420 665 5494 praedicatione,
673 5436 722 5475 seu
735 5419 770 5474 de
781 5420 837 5475 ade
846 5435 935 5491 quain

104 5496 214 5553 Petrus
228 5493 405 5566 predicavit,
423 5510 456 5548 eii
472 5493 575 5548 Leonis
591 5496 687 5547 mente
699 5490 866 5562 accipienda
880 5494 935 5556 est,

104 5574 140 5622 ut
176 5566 268 5622 atebit
280 5582 315 5620 ex
329 5562 581 5621 observationibus
609 5563 644 5618 ad
661 5579 749 5619 serm.
765 5563 793 5627 3,
810 5579 891 5617 num.
907 5564 934 5629 2,

105 5584 279 5709 ibidemque
295 5654 376 5691 num.
393 5635 603 5691 Sustendimus
613 5633 745 5690 eamdem
759 5632 936 5689 soliditatem

106 5710 190 5778 fidei,
205 5724 295 5782 quam
311 5709 340 5763 S.
358 5706 487 5779 pontifex
502 5705 658 5761 affirmavit
673 5706 703 5762 ia
715 5705 810 5775 Petro,
835 5705 937 5761 eodem

106 5782 233 5837 docente
242 5780 333 5836 luisse
342 5778 704 5834 transmissaminomnes
714 5793 898 5835 successores
907 5780 936 5832 S.

107 5851 199 5926 Petri,
215 5856 246 5911 et
259 5866 341 5925 equs
354 5849 480 5907 solidam
496 5849 527 5907 in
543 5848 674 5908 Romam
684 5847 813 5909 Ecclesia
823 5864 938 5926 perma-

272 5976 404 6069 turum·
426 5973 502 6065 ut,

987 4797 1051 4835 esse
1062 4780 1221 4842 dcbot‚taiii
1232 4793 1298 4831 cum
1310 4777 1442 4834 doctrino
1453 4778 1519 4834 adei
1528 4780 1727 4837 Romanorum
1741 4797 1813 4853 pon·

987 4852 1099 4906 tidcum
1116 4864 1322 4905 successorum
1337 4848 1426 4919 Petri,
1442 4850 1472 4905 iii
1487 4868 1563 4923 quos
1576 4854 1677 4909 eadem
1687 4852 1763 4908 Petri
1779 4867 1814 4908 ac

987 4923 1053 4977 fidei
1064 4922 1128 4991 ejus
1137 4919 1269 4975 soliditas
1278 4920 1422 4986 transivit,
1434 4923 1589 4980 convenire
1600 4939 1703 4981 omnes
1717 4922 1814 4978 catho-

987 4992 1035 5047 lici
1051 4993 1166 5054 dobent,
1183 4989 1251 5044 nesi
1268 4991 1318 5061 qui
1333 4992 1471 5049 recedant
1481 4995 1518 5050 ab
1532 4995 1587 5051 hac
1598 4994 1746 5051 soliditate
1758 4992 1813 5047 Pe·

988 5064 1036 5130 tri,
1053 5063 1178 5134 eupaterii
1194 5060 1284 5117 diuini
1297 5068 1417 5119 ecsortes
1431 5067 1496 5121 sint.
1514 5067 1545 5121 Id
1558 5070 1668 5137 propter
1676 5063 1813 5189 Kouralio-

988 5153 1047 5191 rem
1059 5130 1334 5206 principalitatemid
1351 5140 1395 5191 est
1410 5137 1555 5208 primatus
1568 5153 1666 5203 causa,
1701 5149 1814 5189 omina

988 5205 1123 5263 Ecclesiae
1138 5204 1243 5259 tribuit
1258 5205 1287 5261 S.
1315 5210 1452 5273 ireneias,
1468 5224 1501 5263 eo
1521 5207 1598 5279 quod
1614 5207 1689 5261 inter
1703 5203 1812 5260 multas

988 5278 1134 5351 primatus
1148 5275 1354 5348 praerogativas
1367 5278 1428 5333 haec
1443 5278 1590 5350 precipua
1603 5283 1632 5333 et
1641 5274 1815 5348 principalis

989 5350 1038 5415 sit,
1055 5347 1277 5420 comprimatus
1290 5365 1306 5403 a
1320 5348 1434 5404 Christo
1450 5367 1482 5404 eo
1498 5348 1619 5404 consilio
1630 5346 1812 5403 lueritinsti-

990 5423 1083 5486 tutus,
1100 5423 1133 5474 at
1148 5419 1177 5474 iu
1193 5422 1277 5475 Petro
1292 5436 1325 5474 ao
1339 5420 1556 5476 successoribus
1571 5420 1635 5491 ejus
1645 5434 1703 5474 nou
1718 5417 1817 5474 solum

989 5490 1166 5557 ostenderet,
1178 5505 1280 5546 vorum
1295 5489 1382 5545 etiam
1398 5492 1537 5545 formaret
1551 5496 1580 5546 et
1595 5489 1757 5546 custodiret
1771 5493 1815 5545 to-

991 5560 1818 5635 tiusEcclesiaunitatem,aepotissimumunitatemprae·

991 5632 1147 5690 dicationis
1164 5637 1193 5688 et
1209 5632 1285 5699 lidei,
1301 5633 1336 5686 dc
1351 5649 1409 5703 qua
1424 5632 1453 5688 in
1467 5633 1668 5689 observatione
1682 5651 1713 5691 se
1736 5631 1818 5691 uenti

991 5704 1099 5761 redibit
1115 5720 1221 5760 sermo.
1237 5703 1302 5757 Haec
1316 5701 1401 5758 obvia
1420 5704 1540 5760 Leonini
1556 5709 1651 5762 textas
1666 5651 1819 5790 expilastio

992 5781 1047 5847 est,
1060 5793 1123 5861 quaa
1133 5791 1189 5830 non
1201 5778 1261 5829 tam
1278 5789 1344 5828 cum
1358 5774 1423 5831 aliis
1433 5776 1567 5848 eJusdem
1580 5776 1727 5851 pontificis
1738 5775 1820 5835 testi-

993 5848 1113 5929 monite,
1131 5861 1219 5929 quam
1234 5860 1301 5907 cuia
1317 5842 1383 5908 aliis
1399 5846 1525 5911 aliarum
1548 5849 1668 5913 Petrum
1683 5850 1820 5930 inheret,

1620 5979 1660 6055 u
