4050 6175
203 311 256 377 et
436 302 734 376 SGHOEOEMANNI
755 301 916 372 norme
937 301 1409 372 ΗΙΒΤΟΕΙΕΟὼΙΠΒΗΑΒΙΑ
1428 301 1470 368 ΙΝ
1491 303 1525 367 8.
1547 294 1721 368 LEONM.
1893 303 1933 367 92

204 446 330 508 itandis
341 443 559 517 eastiqendisque
569 445 690 501 uetenim
701 446 725 499 P
738 441 770 498 P.
785 439 980 500 uoluminibus.
988 441 1048 514 ipse
1061 443 1090 514 A
1102 440 1182 500 diurn
1194 439 1349 500 adhibitum
1364 439 1397 501 in
1411 437 1604 514 eoaqqeranda
1616 453 1668 495 sisa
1682 453 1747 512 erqo
1762 434 1790 494 S.
1814 436 1935 495 Leonem

208 551 346 610 mamque
359 532 645 608 quandoquecteriorn
659 532 748 588 suncti
766 530 905 605 pontificis
926 531 984 587 toeo
999 530 1049 587 ob·
1105 540 1131 590 et
1144 531 1416 606 apostoticomsedem
1423 528 1714 601 deretmneenimiquc
1722 528 1836 601 pietate,
1848 543 1936 600 quoni

210 619 1051 696 scuris,equivocis,fobuqtteonnotutionibnssoedauit,etia
1104 624 1202 678 testari
1214 638 1242 678 sc
1255 622 1370 677 simulat
1384 627 1482 676 ornata
1494 618 1614 692 quedam
1628 606 1750 674 erutione
1760 617 1840 673 stetin
1849 616 1935 690 tinius

212 708 1051 786 adprorsusoiotentast'nterpretatiortesdetorsit:ueritatem
1104 710 1199 766 laudes
1222 709 1400 775 excurrendo,
1422 708 1465 765 uei
1493 709 1614 765 Leonina
1627 710 1701 779 qesta
1714 707 1797 779 atque
1823 708 1935 763 statuta

214 802 349 874 [attactis
363 798 490 863 occuluit,
506 798 648 871 oppressit,
663 804 743 869 etque
754 804 885 870 perpetuo
912 799 1051 869 prseteetu
1103 815 1166 855 cum
1181 799 1300 854 otiorum
1313 799 1500 870 episcoporum
1509 795 1645 862 doctrino,
1658 795 1771 868 pictate,
1795 794 1936 867 retipiene

216 888 402 962 antiquitatis
412 885 587 959 inquirente
599 893 626 944 et
638 885 815 944 itinerando
841 901 874 941 eu
901 888 1051 958 systemata
1102 888 1318 944 ctorisstinoruin
1334 886 1460 959 operibus
1474 885 1557 942 simut
1571 883 1762 957 comparando,
1779 884 1821 939 uct
1831 885 1863 940 in
1877 899 1936 939 me·

217 975 593 1049 sensiinetubiquestabitire
610 975 1051 1047 soteqitqueebtereticorumpar·
1103 974 1307 1032 diumiisterim
1328 972 1486 1030 adducendo
1510 972 1695 1045 quarumdam
1714 971 1935 1045 parti'esdarium

218 1068 407 1139 tibussaoent,
424 1061 1051 1132 etsocraeeeetesiosticoetrierarebissrepimen
1102 1063 1270 1139 synodorum
1284 1063 1406 1133 reputes,
1422 1062 1660 1133 quaeanteteeuis
1671 1060 1933 1118 oeoumoticubiob·

219 1155 360 1228 dejiciam
368 1169 379 1216 ,·
390 1168 461 1224 pene
474 1151 634 1225 qimndoque
643 1153 729 1208 etiem
741 1151 854 1218 obotite,
878 1157 927 1207 eut
952 1150 1051 1207 sattein
1104 1151 1358 1223 tiituemntquibus
1371 1150 1479 1207 subesse
1491 1153 1518 1206 ct
1532 1150 1658 1206 insistere
1664 1165 1802 1204 summum
1812 1146 1933 1221 pontifi-

222 1243 378 1300 i'mminuta
391 1242 574 1298 Roinauoruin
580 1240 742 1313 pontificum
756 1255 820 1297 uero
830 1242 855 1296 et
866 1240 990 1310 tepitima
1000 1240 1049 1312 ju·
1102 1258 1161 1299 crin
1173 1242 1296 1298 debuisse
1309 1243 1454 1296 asseverat.
1472 1237 1542 1307 Quid
1554 1239 1652 1294 enim?
1664 1235 1819 1309 Aliquando
1832 1237 1933 1304 tutem,

221 1330 384 1388 risdictione
397 1344 582 1402 superomnes
596 1329 911 1396 atiosEeeiesins,etiunt
917 1327 1048 1385 Orientis.
1103 1335 1264 1402 tantamque
1275 1327 1438 1386 eruditionis
1451 1336 1616 1400 apparatum
1630 1325 1666 1383 ad
1680 1341 1743 1383 suos
1756 1327 1869 1381 tectores
1882 1325 1933 1381 dc·

223 1419 319 1476 Atium
332 1419 443 1473 interim
456 1417 810 1475 tanunseessesiiriuiauit.
827 1416 1050 1488 Quandoquidem
1103 1419 1237 1476 tentandos
1258 1417 1420 1481 constravit,
1435 1416 1538 1472 scissim
1564 1430 1664 1487 susque
1687 1413 1772 1486 deque
1800 1416 1934 1485 mtiques

224 1509 257 1565 in
270 1507 331 1563 suis
345 1501 494 1562 scribendis
508 1505 647 1578 operibus,
658 1506 731 1563 etin
744 1503 873 1562 teoninis
882 1505 1050 1563 adorneiidis
1095 1508 1231 1565 dictetis
1244 1522 1287 1563 res
1300 1506 1390 1572 uertit,
1399 1503 1580 1578 perturbavit,
1591 1503 1712 1570 miscuit,
1723 1506 1754 1558 iit
1767 1504 1858 1559 neoda
1866 1499 1933 1575 qui-

224 1596 347 1669 scriptis‚
363 1595 606 1666 muttuurts'fieiose
615 1602 715 1652 mnata
728 1601 846 1665 ususcst,
857 1594 1048 1668 reverentiam,
1102 1597 1165 1654 dein
1178 1602 1329 1669 appareant
1343 1594 1431 1650 itticia
1441 1592 1540 1666 quibus
1554 1608 1620 1649 iesus
1634 1591 1713 1649 cnud
1722 1605 1812 1664 praua
1822 1607 1933 1664 suosp-

221 1687 365 1759 pietatem,
379 1683 537 1755 meumque
551 1699 616 1755 erqo
631 1684 762 1741 Romanos
770 1684 912 1756 pontifices
928 1687 956 1740 et
981 1697 1050 1756 apo-
1099 1686 1218 1750 flemma
1240 1681 1413 1742 insinuanda
1433 1686 1515 1753 utque
1526 1677 1748 1754 drnmndatsibi
1764 1679 1835 1751 some
1850 1677 1933 1735 Man-

222 1773 349 1831 steticam
361 1771 453 1829 sedem
466 1771 628 1844 repedando,
649 1775 682 1828 ut
697 1773 822 1828 imautos
847 1770 993 1845 desiperet,
1021 1775 1049 1829 ct
1064 1810 1088 1876 B
1101 1773 1211 1844 diendo,
1224 1791 1254 1830 in
1268 1769 1355 1831 sociis
1367 1775 1394 1828 ct
1408 1770 1600 1827 ecciesiasticis
1620 1770 1702 1826 rebus
1723 1767 1934 1841 pertractandis

224 1861 325 1920 meent
340 1860 425 1917 bostis
448 1876 532 1934 quain
558 1861 711 1933 sepissime
736 1867 829 1933 partes
847 1859 963 1930 spendo,
990 1864 1051 1933 post
1103 1864 1245 1920 munimem
1257 1863 1378 1934 inqenie,
1393 1868 1420 1917 et
1433 1859 1544 1917 dieciidi
1557 1861 1650 1916 arteet
1656 1856 1850 1932 philosophicis
1863 1872 1933 1913 con·

223 1949 399 2024 splendidum
408 1948 915 2022 uerborumappnratum,i1tasoeneno
924 1963 1051 2021 aspersas
1098 1945 1935 2026 pecturispotissquomreiuniueriteteetrotionumpondere

222 2039 422 2114 propositiones
436 2045 551 2106 eructet,
566 2052 629 2109 quet
637 2053 752 2096 moneo
762 2045 788 2094 et
802 2039 834 2094 iri
845 2035 1051 2094 ninnibiiseom·
1100 2041 1263 2115 persuaderi
1273 2055 1360 2112 posse.
1373 2037 1467 2107 Quotis
1481 2041 1575 2094 cutem
1584 2040 1741 2109 quanteque
1769 2033 1932 2106 ditissimo,

223 2129 352 2187 mentitio
364 2125 422 2200 ejus
436 2125 906 2200 systematotstsoaiiquoverttntis
914 2125 1051 2183 cotorein·
1102 2131 1229 2188 reprimi
1242 2129 1364 2196 mentio,
1379 2125 1570 2199 nedcciperer,
1586 2122 1859 2195 adhibendomibis
1913 2124 1919 2136 '

225 2216 650 2290 duertpostterbiireniur(e)-
1103 2217 1332 2293 inpeieurrendo
1349 2209 1931 2288 bocatiisqueouesnetitdissertotionibui‚

261 2307 294 2362 tn
307 2304 439 2379 hnoergo
449 2302 793 2361 rernmeonditionsenm
804 2302 1049 2377 ingenelsbornm
1102 2323 1181 2365 nemo
1194 2307 1279 2378 {scite
1286 2304 1388 2378 poterit
1402 2301 1633 2373 inteiliqerenisi
1646 2302 1670 2357 ii
1679 2303 1752 2375 forte
1764 2301 1815 2373 qut
1827 2302 1935 2358 ineen-

225 2390 1049 2466 onushumerissuisimpositnmemmimeret,enmtextn
1102 2393 1451 2454 imtendiimdiusimu
1459 2388 1723 2459 Commeiitariis,ed
1731 2389 1932 2448 musionium

225 2480 336 2541 etetsis
351 2485 380 2539 et
389 2478 717 2555 corruptisleetionihus
727 2481 882 2554 purgando
897 2486 926 2538 et
944 2482 980 2538 sd
990 2480 1049 2556 pri·
1102 2482 1365 2558 respertineidibus,
1388 2495 1433 2537 me
1458 2483 1668 2553 precesserunt.
1695 2478 1933 2550 onenetnoeum

226 2572 334 2629 stinsm
346 2569 542 2644 integritatem
562 2569 754 2638 restituendo,
765 2570 794 2626 id
812 2571 891 2643 quod
908 2586 1049 2645 synopses
1101 2574 1250 2631 nmissime
1261 2571 1478 2644 [uetumsuissee
1491 2567 1703 2626 oi.oiroioanne
1714 2568 1834 2625 Antonio
1843 2569 1934 2624 Bion-

225 2656 648 2723 etinmeOuesnellostndiose
663 2655 822 2714 temeretis
840 2657 989 2731 postnlsre
1006 2658 1049 2715 ni·
1102 2662 1193 2719 etinit
1205 2667 1310 2717 norunt
1322 2660 1371 2732 qui
1383 2657 1506 2731 qudem
1519 2673 1568 2714 sec
1581 2658 1724 2714 uolumina
1741 2656 1776 2713 de
1803 2657 1934 2714 &etesiis

226 2746 338 2815 firmum
349 2750 413 2802 tuin
423 2744 555 2817 eugendo
566 2741 865 2819 nliqnngenuinorum
874 2761 1050 2819 operemus·
1099 2748 1534 2824 potestateaestimeruntisenim
1546 2747 1577 2802 iii
1588 2745 1935 2819 sensitioribuscoitoquiis

226 2832 455 2905 sessionemque
469 2848 533 2906 qne
544 2849 602 2890 non
612 2830 670 2889 nisi
681 2849 770 2906 prsis
780 2837 809 2891 et
818 2832 943 2893 subdole
964 2850 1050 2892 men·
1101 2839 1175 2897 inter
1187 2835 1506 2905 nosbabitis,nonsemet
1515 2835 1936 2908 tesmboeestotiumnumqoein

226 2927 255 2981 te
266 2921 345 2979 eben
361 2920 498 2979 Leoninis
517 2920 629 2978 inserte
646 2924 725 2978 esset
738 2920 889 2997 (intelligit
905 2922 998 2981 libies
1016 2924 1050 2981 de
1101 2933 1263 3002 scriptorem
1277 2926 1373 2998 tepisse
1386 2926 1436 2997 qui
1446 2928 1485 2983 tot
1501 2923 1727 2981 simulationibus
1755 2927 1781 2980 et
1799 2921 1933 2994 artificiis

228 3011 517 3084 inuenientium,
538 3010 714 3067 amteritates
737 3010 807 3067 sedis
833 3013 990 3085 apostolica
1016 3012 1050 3071 de
1101 3020 1225 3074 mistim
1236 3019 1338 3090 prem
1352 3013 1789 3085 Quosnettium.ouippequicum
1797 3012 1934 3085 adquam·

227 3101 332 3169 Gratia,
348 3100 537 3174 etEpistotam
550 3098 586 3155 ad
596 3098 804 3170 Denumiodem,
824 3100 896 3158 item
925 3101 1050 3160 toditem
1101 3106 1135 3164 do
1146 3122 1176 3164 se
1185 3106 1270 3180 perti
1279 3104 1431 3177 perstrinqi
1439 3106 1465 3160 et
1475 3103 1607 3175 inputari
1615 3117 1694 3174 posse
1706 3104 1848 3175 persensit,
1864 3106 1926 3157 sta·

227 3190 370 3249 Canonum
383 3189 512 3247 ltcctesiae
525 3187 665 3262 ttoinona)
685 3187 864 3246 eliminando
875 3206 883 3261 3
900 3195 1048 3265 nequets·
1062 3177 1084 3248 G
1103 3196 1154 3253 tim
1166 3195 1248 3268 quasi
1260 3194 1362 3263 anqssis
1375 3192 1505 3259 etibetnr,
1516 3198 1544 3248 et
1556 3206 1592 3247 ec
1604 3206 1661 3247 unu
1670 3190 1706 3247 ad
1715 3189 1774 3247 otia
1783 3190 1826 3246 oet
1833 3188 1934 3264 piures

227 3277 423 3353 menplsnese
433 3281 660 3336 noussen-turum
670 3283 800 3351 speraret
811 3276 890 3351 qnod
901 3281 1048 3355 eupiebst,
1102 3285 1266 3359 questiones
1277 3281 1463 3354 proprediens,
1474 3294 1540 3337 oen
1552 3280 1665 3337 incertis
1681 3280 1865 3354 etsequioocts
1878 3279 1934 3336 ed-

227 3384 333 3442 nempe
343 3371 376 3426 ut
387 3383 491 3426 omnes
503 3364 651 3435 Quesnetii
659 3370 817 3424 veneuntes
825 3366 941 3427 souleos
951 3372 1050 3427 retun-
1102 3373 1232 3441 miserim
1247 3380 1273 3428 et
1285 3386 1383 3426 rursus
1391 3369 1464 3443 satia
1476 3376 1503 3425 et
1517 3382 1632 3426 moneo
1641 3366 1769 3425 detinet
1775 3366 1932 3442 probibiti-

226 3458 317 3529 oens,
328 3472 455 3532 qnorum
465 3455 609 3531 plurimos
618 3454 844 3530 eiginsissiinos
854 3455 885 3514 in
903 3456 967 3530 eJns
985 3456 1047 3516 dis·
1104 3464 1154 3520 bus
1163 3461 1302 3518 interserit
1316 3462 1343 3515 et
1356 3457 1490 3532 implicet,
1506 3466 1538 3515 ut
1551 3457 1809 3531 edsibipraepiieuin
1818 3470 1933 3529 scopum

147 3558 153 3569 ’
180 3594 184 3609 .
227 3546 428 3607 serunensis
443 3547 540 3604 rinei
560 3545 649 3603 mens
665 3546 749 3619 pesse
767 3545 865 3604 terne
881 3549 923 3604 rr.
943 3556 1047 3621 snper-
1100 3552 1253 3627 pessmus.
1266 3550 1327 3606 nen
1340 3546 1659 3619 nominenominee
1678 3545 1804 3603 setene
1830 3534 1933 3603 mone

226 3653 292 3696 esse
300 3636 357 3695 sihi
369 3636 556 3711 persuasumst
571 3632 649 3702 3huo
659 3632 821 3707 presertim
840 3634 1050 3693 semotissimis
1104 3640 1234 3714 Operibus
1248 3641 1285 3695 tot
1296 3640 1459 3706 cominente,
1474 3634 1604 3709 saitaeias
1617 3643 1698 3709 aque
1711 3651 1812 3706 nuqos,
1836 3642 1862 3690 et
1891 3632 1931 3690 ad

220 3725 367 3783 doctrine
377 3722 542 3796 sueeopies
553 3721 875 3795 emvsnsreeiingemt
885 3724 982 3782 nervis
1003 3723 1049 3780 in·
1102 3727 1248 3785 asserenda
1261 3727 1319 3784 sedi
1329 3726 1486 3800 apostoticee
1500 3740 1552 3781 suo
1566 3725 1692 3795 tepitinia
1707 3725 1778 3796 jura
1800 3722 1934 3796 sufficere

227 3808 1051 3883 tentissimisoenusipsuminhooexereitstiornmoum·
1100 3816 1329 3893 poteratittorum
1339 3812 1740 3875 teetumnudumetsinceium
1749 3812 1935 3885 undequaque

231 3916 268 3973 po
287 3898 448 3971 depretiari
467 3895 603 3955 decrevit.
619 3898 675 3955 Sed
690 3898 759 3955 sudi
766 3898 865 3971 ipsum
876 3905 971 3958 :Inter
985 3903 1051 3961 ittas
1103 3907 1137 3963 ab
1152 3904 1277 3962 omnibus
1290 3902 1406 3971 moedis,
1413 3901 1565 3975 equivocis
1578 3901 1689 3974 etsotsis
1698 3901 1935 3974 interpretationi·

228 3988 433 4045 minutiores
445 3989 537 4060 {moto
550 3986 640 4044 cetere
654 3986 1011 4049 meteiimticaetraditionis
1025 3996 1052 4050 et
1104 3994 1154 4051 bus
1171 3998 1353 4063 ecpurqotuin
1378 3988 1517 4058 exbiberi,
1545 4006 1643 4047 uerum
1668 4002 1738 4064 opus
1761 3999 1823 4047 eret
1851 3986 1931 4047 ordi·

228 4076 359 4134 teoninae
370 4074 501 4132 doctrine
514 4073 698 4142 itbtstraiide,
713 4075 886 4133 censebo-sio
906 4076 1051 4146 memetto
1103 4086 1171 4141 nete
1179 4078 1443 4152 methodoquesdnin
1456 4080 1665 4137 exercitationes
1678 4078 1856 4145 conscribere,
1866 4080 1935 4151 qui·

227 4165 404 4237 comeripms,
418 4163 572 4235 prinoipem
584 4163 675 4220 toeiun
687 4161 768 4219 babet
785 4163 855 4222 itia:
881 4166 921 4223 De
938 4167 1004 4226 Vite
1023 4174 1052 4227 et
1105 4175 1155 4230 bus
1168 4168 1242 4225 tiaud
1255 4169 1383 4240 cuiquem
1411 4168 1504 4224 tumen
1531 4168 1628 4224 Leonis
1650 4170 1744 4238 pestis,
1773 4167 1939 4240 apostotieoe

230 4253 328 4311 Rebus
338 4252 428 4327 gestis
439 4251 469 4308 S.
483 4249 588 4308 Leonis
598 4249 708 4324 Magni.
719 4249 1052 4326 {senseresensere
1103 4259 1174 4319 sedis
1183 4257 1295 4331 juribus
1308 4264 1335 4313 et
1347 4256 1540 4315 munimime
1550 4256 1693 4328 reqiminis
1702 4255 1938 4330 sormaeetordini

229 4342 320 4412 nepti
335 4345 418 4414 atque
430 4340 684 4398 mmnoentibtotom
696 4340 767 4397 bane
783 4339 1004 4402 dissertationem
1026 4356 1054 4406 et
1106 4348 1207 4424 afferri
1217 4356 1368 4420 possemus.
1447 4327 1460 4351 ”

229 4435 343 4489 oeteras
356 4430 808 4503 subsequentesesssressrtes,uiu
819 4431 976 4504 intetiipcre
1001 4452 1051 4509 po·
1140 4431 1759 4509 Scilicetensrrnndnmsibisumpsiteurnin
1773 4433 1936 4491 heresium

231 4521 353 4588 tuissent,
367 4521 395 4576 si
408 4520 439 4575 in
452 4518 510 4576 ittis
517 4517 872 4592 pereumaidissmnperud
884 4520 976 4594 ipsum
990 4528 1054 4584 leo
1066 4543 1091 4610 D
1104 4524 1149 4583 vel
1164 4523 1379 4597 praeoipunrum
1394 4525 1470 4579 certe
1483 4520 1649 4593 histnrtem,
1666 4536 1731 4597 quet
1740 4532 1860 4596 tempore
1877 4539 1937 4596 quo

230 4607 330 4663 ninum
341 4609 722 4680 teetumnonpisooeassem,
742 4610 774 4663 stt
787 4614 882 4665 retuin
909 4612 1053 4672 ueritatem
1106 4615 1134 4672 s.
1151 4613 1201 4670 teo
1214 4611 1251 4669 ad
1263 4626 1402 4668 summum
1412 4610 1603 4684 pomiteatum
1620 4611 1675 4683 suit
1702 4616 1868 4685 esuimptus,
1893 4612 1936 4669 ad

231 4694 403 4768 inspicerem·
419 4695 451 4751 At
465 4710 529 4751 cum
541 4699 617 4753 tanto
630 4694 749 4768 anticio
762 4695 823 4767 ipse
834 4697 880 4754 siti
897 4700 992 4770 soteat,
1021 4709 1053 4762 ut
1104 4704 1173 4761 oitse
1184 4701 1271 4775 ipsius
1279 4700 1385 4757 erituin
1398 4712 1484 4772 usque
1496 4700 1641 4758 eatboticae
1647 4701 1777 4773 retiqiorii
1788 4699 1847 4756 itin
1855 4700 1938 4756 intu-

230 4784 333 4842 sensim
347 4784 460 4841 tectores
473 4785 558 4841 eisin
566 4783 665 4857 probos
676 4786 702 4840 et
715 4785 866 4857 optimosin
874 4800 1051 4859 praeessuos
1107 4794 1210 4862 terimi,
1224 4795 1251 4846 et
1264 4787 1667 4862 Occidmtematqueoricntem
1676 4790 1854 4862 infestarunt.
1863 4786 1939 4845 Pro·

231 4871 341 4957 opiones
353 4871 512 4946 pertrabcre
523 4874 619 4945 possit,
639 4872 739 4946 bosque
765 4873 863 4931 multis
879 4878 1054 4951 prejudiciis
1104 4877 1325 4954 ptereminquit,
1343 4882 1375 4934 ut
1388 4877 1941 4952 ssiontmmunerumpartetimpteret‚et

231 4959 364 5033 imbuere,
376 4960 531 5033 pturimum
543 4960 615 5019 mibi
628 4961 810 5019 toberundum
821 4963 911 5036 [uiue
931 4983 1054 5040 mmmm
1108 4969 1299 5028 christianam
1312 4965 1394 5039 idem
1406 4965 1566 5038 custodiret,
1581 4982 1662 5025 omne
1672 4966 1841 5025 studiumoc
1854 4965 1940 5023 tabo·

233 5047 284 5108 boo
296 5065 363 5124 opus
377 5047 520 5106 intimabit.
534 5049 586 5107 Vis
598 5050 673 5109 enim
694 5064 829 5108 ettamers
850 5067 971 5126 pomum
994 5066 1055 5116 stu·
1105 5074 1167 5117 rem
1179 5072 1243 5115 eum
1256 5054 1413 5128 impendere
1426 5057 1547 5129 oportuit
1560 5056 1596 5114 ad
1609 5055 1746 5116 sumtis
1767 5054 1939 5114 securim

270 5225 309 5299 (a)
319 5225 352 5283 In
362 5225 608 5310 prefationeipsis
613 5225 1056 5303 Operibusprssmisseesmdsm
1110 5236 1175 5293 toci-s
1188 5232 1302 5305 prusias
1315 5231 1512 5301 vulneraverit,
1521 5230 1671 5293 inelimati
1681 5234 1818 5292 uiolentos
1823 5232 1941 5290 omniim

235 5296 384 5379 querelem
398 5298 549 5356 sicetiert:
562 5298 755 5356 Tantumobest
768 5300 1055 5369 thuesnettuseccte·
1109 5310 1121 5364 i
1230 5304 1345 5359 tationes
1369 5302 1532 5376 distorserit
1555 5310 1584 5362 et
1597 5307 1630 5364 in
1649 5306 1795 5365 nonnudi's
1817 5303 1943 5377 datique

234 5370 354 5451 siusium
363 5374 392 5452 et
402 5370 547 5453 titterarite
555 5366 714 5451 reipublice
725 5369 778 5453 benc
793 5371 924 5453 benefitia
932 5381 1055 5437 contule.
1247 5374 1340 5431 minus
1352 5374 1485 5433 catbois'ee
1498 5377 1702 5449 erptieeomits
1717 5381 1756 5434 ita
1769 5376 1868 5450 utrius
1875 5380 1940 5433 stu·

235 5440 276 5492 rst
290 5439 335 5505 (ut
348 5440 460 5498 seilrest
474 5440 576 5500 leonis
585 5445 701 5515 seriptis
710 5441 916 5515 primigenium
937 5446 1055 5525 integri·
1109 5449 1157 5506 dio
1170 5454 1197 5504 et
1209 5444 1314 5502 tuberes
1328 5445 1447 5503 nonnisi
1462 5447 1493 5503 in
1503 5447 1533 5504 S.
1550 5447 1655 5509 Leonis
1669 5449 1817 5522 injuriam,
1844 5446 1943 5505 Boem-

235 5508 375 5566 tetemet
397 5513 531 5596 nitorem,
550 5511 800 5598 quemadmodum
826 5516 974 5583 protessus
998 5527 1054 5589 est,
1109 5517 1944 5597 siretetboiicaepernicieinetinacattioiieorumpraesidium

236 5577 454 5654 indentemini
468 5601 559 5661 ipsum
570 5593 662 5660 potius
680 5587 785 5643 motum
812 5588 997 5660 compturttus
1024 5596 1056 5650 iii
1110 5597 1191 5667 etque
1204 5591 1327 5664 [merem
1340 5588 1561 5649 redundaverint.
