4050 6175
117 350 171 416 tet
530 347 740 430 thurario
761 346 801 411 IN
823 347 1033 412 sandonus
1055 347 1088 412 S.
1111 348 1253 412 uuoltls
1275 349 1412 414 dsunt.
1766 346 1824 410 {38

114 480 400 552 offleiiitstibutbns,
415 498 491 555 quas
505 485 609 539 sancta
621 480 751 539 ltlcclssla
770 479 801 539 in
825 480 979 555 precipuis
1001 481 1068 538 anni
1094 481 1330 538 solemnitatibus
1351 498 1385 539 ex
1408 483 1507 556 magni
1524 481 1631 539 Leonis
1645 481 1749 540 Divina
1762 480 1824 539 elo·

112 571 230 645 quentis
242 569 471 639 mutuarisolet,
488 571 595 627 menda
606 587 665 627 non
681 586 774 642 pauca
788 571 960 637 residerent,
977 571 1055 643 quod
1070 570 1098 626 in
1115 570 1191 643 typis
1207 571 1424 627 renovandisad
1436 570 1572 627 ultimam
1595 568 1752 627 editionem
1772 584 1821 626 vs·

111 658 153 716 lut
173 659 407 718 emendatiorem
423 660 516 718 soleat
529 659 649 716 recurri.
667 662 761 727 Quare
780 675 848 718 oum
874 659 990 717 diverse
1002 659 1136 733 exempla
1159 660 1237 734 typis
1259 661 1346 728 edita,
1368 663 1397 716 et
1420 660 1478 715 tide
1503 659 1592 733 digna
1620 657 1823 730 manuscripta

110 750 231 824 antiqua
245 765 306 808 non
321 766 426 824 pauca,
443 750 550 828 quihus
564 748 889 821 carueratThsophilus
913 749 1094 816 Rainaudus,
1118 748 1196 804 nacti
1220 765 1354 805 essemus
1367 766 1373 816 ;
1385 747 1492 816 lucem,
1509 745 1687 821 quaeritiis
1702 746 1821 820 eopiosa

109 839 209 898 nauci
225 838 390 911 potentin
404 837 546 896 honorem
561 837 635 894 tanti
645 836 794 910 pontificis
809 837 1045 911 scriptorumque
1060 838 1124 908 ejus
1149 841 1278 910 optatam
1302 836 1526 904 restitutionem,
1552 840 1582 892 et
1595 835 1751 894 utilitatem
1766 834 1820 898 lit·

110 926 213 995 cissis,
228 932 323 999 atque
336 926 515 984 eruditorum
530 925 710 999 uoluptatem
724 926 863 982 duximus
877 926 1095 983 conferendam.
1115 926 1195 998 Vale,
1216 926 1309 982 amice
1327 926 1428 996 lector;
1453 930 1483 982 et
1502 925 1575 981 dum
1596 924 1700 982 foveris
1721 921 1822 982 labore

60 1061 64 1070 .
110 1021 221 1085 nostro,
237 1015 314 1083 lave,
330 1032 365 1072 ac
380 1014 405 1073 si
421 1015 492 1088 quid
505 1014 611 1072 melius
626 1014 715 1082 nosti,
729 1031 842 1087 prome.
864 1037 879 1065 »

3 1155 4 1166 ,
141 1102 601 1180 Hieloanltsptistaldarus,qui
616 1102 697 1160 bisce
712 1101 1078 1171 studiisdelectahatur,sn
1088 1105 1168 1174 tait,
1180 1121 1214 1161 ex
1225 1104 1457 1172 mss,Vaticanis
1468 1101 1821 1176 etBarbsrinlsqnosdam

3 1205 4 1270 l
107 1193 268 1266 Augustini
283 1209 448 1259 eumenes,
465 1191 698 1250 et01Vat.ood.
716 1192 785 1247 tute
799 1190 931 1266 dialogos
946 1191 1090 1248 Desiderii
1114 1192 1229 1248 abbatis
1256 1191 1435 1260 casinensis,
1462 1197 1564 1266 postea
1586 1189 1713 1252 Victoris
1728 1190 1777 1259 lli,
1789 1205 1822 1248 ac

3 1317 4 1324 ,
108 1283 227 1338 hadom
243 1298 323 1338 suno
339 1283 413 1337 1655
425 1297 451 1338 e.
467 1298 523 1338 ms.
539 1280 698 1337 Barbarion
713 1280 1011 1337 Pietraniacnnum
1021 1280 1057 1337 de
1070 1279 1149 1336 lhris
1165 1279 1551 1338 illustribustlasinensibus
1566 1280 1664 1337 ltoms
1679 1278 1821 1340 ediderat.

108 1370 310 1428 observamus
322 1375 421 1428 aulem
436 1370 466 1427 in
480 1369 598 1426 laudata
610 1368 781 1444 prelatione
801 1369 912 1427 nullam
928 1369 1106 1427 mentionem
1118 1369 1180 1426 lieri
1199 1369 1346 1426 vanarum
1363 1369 1524 1428 lectionum
1534 1369 1642 1438 Vossii,
1652 1384 1728 1442 quas
1744 1369 1823 1426 Lau·

3 1449 5 1476 '
109 1459 218 1520 rentins
234 1459 338 1518 Marus
352 1458 533 1518 memoravit.
546 1459 577 1515 In
592 1458 691 1515 codice
706 1463 805 1515 autem
819 1459 978 1516 Barbarino
988 1459 1157 1516 subduntur
1172 1458 1271 1532 plures
1284 1459 1431 1516 variantes
1446 1475 1616 1515 sermonum
1631 1458 1733 1515 ordine
1745 1473 1821 1514 non-

109 1565 262 1621 nunquam
277 1549 462 1622 perturbato.
477 1548 625 1620 Pleraque
640 1552 767 1620 sumpte
779 1552 849 1604 sunt
864 1565 898 1606 er
912 1547 1061 1604 codicibus
1076 1547 1203 1605 basilicae
1218 1549 1247 1605 S.
1264 1548 1351 1615 Petri,
1376 1547 1438 1604 aliae
1454 1565 1488 1606 ex
1501 1547 1661 1616 Vaticanis,
1673 1546 1822 1604 nonnulla

3 1683 4 1700 ,
109 1654 141 1694 ss
152 1638 220 1694 sod.
238 1638 325 1708 Bon„
341 1636 371 1692 id
387 1642 433 1694 ast
447 1636 634 1693 Bononiensi.
651 1636 874 1709 Frequentiores
890 1640 960 1692 sunt
973 1636 1003 1692 ln
1016 1637 1054 1693 iis
1069 1639 1256 1694 sermonibus
1272 1638 1321 1710 qrri
1334 1637 1559 1696 continenturin
1575 1631 1823 1694 Lectionariisba·

112 1719 198 1783 sities
212 1726 245 1782 S.
262 1725 354 1782 Petri.
371 1724 426 1782 Ubi
442 1729 539 1782 autem
552 1724 612 1781 hac
628 1725 813 1782 Lectionariu
827 1725 955 1794 deluere,
972 1724 1129 1782 rarissime
1145 1731 1174 1782 et
1188 1728 1365 1800 quandoque
1380 1726 1466 1783 nulle
1481 1728 1624 1783 variantes
1639 1725 1819 1782 indicantur.

3 1803 4 1826 ¹
111 1818 175 1883 Qus
191 1815 256 1872 sint
274 1815 428 1871 variantes
442 1831 477 1871 ex
490 1813 594 1871 Vossio
606 1818 744 1886 sumpte,
762 1832 826 1888 quae
842 1819 940 1870 autem
956 1814 1061 1871 addilae
1074 1832 1092 1870 a
1106 1815 1196 1882 Maro,
1209 1815 1335 1872 discerni
1344 1816 1455 1889 nequit.
1463 1816 1602 1872 vossium
1618 1814 1749 1888 quidem,
1769 1812 1828 1885 qui

110 1906 205 1962 homa
220 1903 389 1977 aliquando
404 1903 529 1973 studuit,
547 1904 695 1960 Romanos
708 1903 835 1970 codices,
856 1903 952 1975 quoad
965 1903 1090 1960 Leonem
1105 1904 1266 1960 contulisse
1280 1904 1426 1979 colligitur
1445 1921 1479 1961 ex
1493 1903 1687 1962 Miscellaneis
1701 1902 1752 1960 SS.
1768 1901 1822 1958 Pa·

107 1999 184 2050 bum
198 1993 351 2067 subjectis
367 1992 489 2049 editioni
506 1992 684 2066 Magantinae
699 2010 747 2049 an.
765 1993 834 2049 tout
849 1991 977 2065 Operum
992 1993 1022 2050 S.
1035 1991 1166 2066 Gregorii
1180 1994 1403 2068 thaumaturgi,
1417 1994 1466 2050 ubi
1480 1993 1578 2067 aliqua
1592 1992 1697 2052 Laome
1712 2008 1748 2049 ex
1761 1990 1822 2048 ilo·

107 2083 203 2140 mauis
217 2097 296 2139 mss.
307 2081 501 2138 ediditl’lura
514 2086 707 2156 lumenquam
724 2099 788 2155 qua
803 2081 970 2138 innuuntur
984 2081 1016 2138 in
1024 2081 1148 2155 epistile
1160 2084 1308 2140 Laurentii
1324 2083 1406 2151 illari,
1418 2100 1485 2140 eum
1499 2083 1822 2157 parasseprohantqnte

106 2175 183 2230 idem
198 2171 431 2230 Vossiustradit
449 2170 480 2227 in
495 2170 574 2228 calce
593 2171 719 2244 Operum
736 2172 766 2228 S.
783 2170 958 2243 Ephremin
969 2188 1028 2244 qua
1042 2171 1188 2230 noneolos
1199 2188 1361 2240 sermones,
1375 2169 1823 2246 sedomniospontiticissspers

97 2261 262 2335 ‘recognita
279 2265 309 2322 et
328 2259 478 2320 illustrata
491 2277 523 2317 se
535 2260 682 2316 editurum
699 2259 852 2334 pollicetur
868 2275 875 2313 τ
892 2263 922 2316 et
937 2260 965 2315 in
980 2261 1129 2317 notatione
1143 2261 1179 2317 ad
1194 2265 1351 2318 tractatum
1374 2263 1401 2318 S.
1419 2262 1522 2318 Leone
1538 2261 1568 2318 in
1583 2259 1743 2334 Eutychem
1757 2258 1822 2314 vul·

109 2357 214 2425 gatnm
227 2350 260 2406 in
275 2350 399 2405 laudata
408 2348 535 2405 editione
546 2348 717 2421 Moguntina
731 2353 856 2405 testetur
871 2349 927 2404 :Dc
935 2349 1065 2421 pluribus
1075 2365 1125 2421 per
1139 2365 1198 2414 aas,
1215 2350 1320 2422 inquit,
1337 2352 1367 2407 in
1390 2351 1576 2419 recopnitioae
1595 2354 1687 2406 notha
1700 2348 1823 2405 Leontem

106 2440 269 2505 chunctis,
285 2453 322 2492 ac
333 2437 370 2493 od
384 2437 539 2508 marginem
553 2438 732 2510 epistolarum
746 2439 895 2503 annotatis,
907 2436 968 2503 ubi,
985 2441 1089 2510 prater
1107 2454 1267 2504 sermones,
1284 2437 1423 2510 epistolas
1445 2436 1554 2510 pariter
1569 2454 1586 2494 a
1600 2452 1632 2494 se
1646 2435 1821 2509 recognitas,

105 2535 131 2585 et
144 2530 299 2584 uariantes
313 2525 518 2600 admarginem
533 2525 671 2582 editionis
685 2525 877 2598 epistolarum
893 2530 1049 2583 annotatas
1064 2527 1202 2582 ostendit.
1215 2526 1296 2582 Unde
1309 2527 1397 2583 stiam
1413 2524 1685 2583 NicolausFaberin
1696 2521 1821 2597 epistole

106 2618 143 2694 sd,
152 2617 299 2676 eumdem
313 2614 453 2672 vossium
467 2613 543 2671 inter
555 2614 689 2683 eiusdem
697 2614 780 2669 l'ahri
796 2614 1075 2688 opusculapagdls
1089 2615 1176 2671 etttt
1192 2632 1223 2671 se
1232 2615 1350 2671 audisse
1360 2611 1822 2672 testaturhiichaelcm·Sonnium

106 2705 304 2763 Parisiensem
315 2702 531 2776 typographum
545 2707 714 2776 exspectare
727 2717 810 2774 quom
823 2703 907 2757 cilius
922 2703 1010 2775 ipsius
1026 2703 1175 2759 editionem
1199 2704 1316 2776 Operam
1339 2704 1368 2761 S.
1393 2704 1501 2761 beonia
1526 2702 1702 2769 Quesnellus
1718 2703 1748 2758 in
1764 2703 1822 2760 llus

104 2791 289 2869 prelationis
297 2790 444 2865 generalis
457 2795 601 2846 memorat
610 2790 727 2846 codicem
742 2790 895 2863 OperumS.
913 2793 1019 2862 tecam,
1030 2809 1119 2864 quem
1128 2793 1267 2849 collatum
1283 2793 1551 2850 adactissimoviro
1562 2793 1716 2849 Francisco
1725 2793 1822 2866 Pegns

103 2901 171 2941 eum
186 2885 394 2940 Romanarum
410 2879 653 2940 bibliothecarum
668 2897 741 2936 mss.
757 2880 917 2948 rodicibus,
934 2880 1004 2937 olim
1019 2885 1085 2953 post
1097 2881 1199 2953 Pagae
1214 2887 1339 2938 mortem
1364 2882 1442 2954 apud
1459 2881 1585 2937 Marium
1600 2880 1700 2940 Sancti
1713 2880 1824 2955 Angeia

3 2997 5 3020 r
102 2973 281 3032 eanonicam
301 2957 417 3030 uiderat
432 2969 579 3029 limericus
595 2968 735 3042 bigotius.
752 2968 826 3025 Cum
840 2970 969 3025 Joannes
980 2968 1110 3041 Baptista
1127 2969 1227 3025 Marus
1242 2968 1329 3043 paulo
1356 2974 1422 3026 ante
1435 2974 1617 3027 memoratus
1632 2959 1660 3028 S.
1677 2971 1775 3042 tapeti
1790 2970 1822 3034 in

3 3090 4 3139 3
105 3065 166 3136 {oro
175 3063 303 3137 musa
318 3060 470 3117 monime
485 3058 514 3114 in
530 3058 618 3116 editis
633 3057 697 3131 ejus
712 3057 855 3132 Operibus
870 3056 1042 3135 appelletur,
1057 3058 1130 3114 nihil
1147 3058 1269 3117 dubium
1286 3063 1330 3116 est
1345 3059 1416 3133 quin
1432 3059 1543 3116 illarius
1557 3076 1575 3116 a
1589 3057 1744 3126 Ouesnello
1757 3057 1824 3125 lau·

106 3138 193 3209 datus
207 3153 292 3208 idem
306 3151 348 3208 sit
359 3146 392 3206 ac
405 3151 533 3206 loannes
548 3149 680 3222 baptista
694 3136 803 3207 iliacus.
818 3148 888 3213 Quis
903 3152 1001 3205 autem
1019 3148 1204 3205 lueritcodex
1217 3166 1305 3222 quem
1322 3150 1453 3224 Bigotius
1461 3150 1540 3223 apud
1555 3150 1654 3223 ipsum
1669 3149 1780 3205 invenit
1788 3164 1825 3204 ex

107 3240 272 3298 Barherino
289 3256 347 3296 ms.
362 3237 537 3306 innotescit;
554 3241 583 3294 et
600 3254 698 3294 errore
712 3237 786 3294 forle
801 3236 918 3311 Bigotii,
934 3238 1012 3310 quod
1028 3236 1132 3294 Vossio
1146 3242 1209 3295 erat
1227 3239 1456 3311 adjudicandum
1475 3239 1621 3295 tributum
1641 3239 1697 3295 luit
1710 3238 1822 3310 Pegnae,

107 3322 140 3387 eo
153 3330 239 3403 quod
251 3327 333 3387 Vesii
354 3327 445 3385 codex
459 3328 490 3382 in
506 3326 597 3398 hujus
608 3343 714 3383 manus
728 3327 858 3383 venisset
870 3331 1029 3398 antequam
1041 3326 1070 3382 in
1087 3327 1161 3383 illari
1177 3327 1385 3384 bibliothecam
1408 3327 1555 3385 transiret.
1586 3327 1646 3384 Nos
1660 3327 1759 3400 ipsum
1773 3342 1822 3384 co·

105 3420 201 3477 dicem
215 3436 270 3476 seu
287 3416 448 3473 editionem
464 3416 568 3472 Leonis
579 3432 596 3470 a
609 3414 714 3471 Vossio
729 3432 797 3470 eum
813 3432 884 3472 mss.
901 3400 1036 3472 collatam
1048 3433 1106 3489 non
1130 3415 1309 3480 invenimus,
1336 3417 1385 3473 sed
1402 3416 1475 3472 Mari
1499 3416 1732 3473 lucubrationem
1744 3413 1823 3471 nacti

104 3524 212 3566 sumna
227 3509 259 3563 in
275 3505 376 3563 codice
392 3503 560 3572 barberino,
577 3504 739 3578 quaVossii
753 3503 1028 3561 ethlariivarianles
1038 3503 1253 3576 complectitur.
1263 3508 1359 3575 HuJus
1377 3520 1444 3560 vera
1460 3504 1611 3560 Berhsrini
1626 3502 1821 3575 manuscripti

105 3598 278 3657 multsloca
292 3592 549 3653 contulimuscum
558 3593 748 3650 Lectiouariis
757 3593 999 3651 basilicastetri
1008 3611 1020 3662 ;·
1033 3602 1308 3664 oumqnaesexacte
1318 3597 1417 3648 notata
1426 3591 1683 3665 deprehendimus,
1692 3590 1822 3648 aiusiori

104 3687 264 3746 collatione
278 3685 453 3745 eorumdem
467 3683 553 3740 levati
568 3682 680 3740 luimus
691 3700 698 3750 ;
710 3681 811 3755 sicque
821 3681 887 3738 aliis
902 3681 1129 3755 quampluribus
1143 3686 1208 3737 turn
1219 3681 1353 3753 ejusdem
1364 3679 1573 3751 basilieae,tum
1587 3678 1745 3749 Vaticanis,
1756 3683 1821 3736 tum

104 3774 235 3833 aliarum
250 3775 454 3832 Romanmum
465 3771 710 3829 bibliothecarum
724 3786 796 3828 mss.
812 3769 1031 3844 exemplaribus
1047 3770 1291 3844 recognoscendis
1304 3786 1407 3827 vacare
1421 3770 1607 3829 commodius
1621 3762 1785 3845 potuimus.¹

109 4000 384 4016 w

558 4112 561 4115 Α
610 4195 672 4299 s.
703 4192 1011 4305 tenuis
1042 4195 1337 4299 masna

763 4394 987 4458 euuulululs
1030 4394 1183 4458 notatu

573 4572 1380 4743 submoues

326 4846 387 4934 IN
413 4841 725 4933 PRAECIPUIS
755 4844 969 4935 TOTlUS
996 4846 1128 4932 ANNI
1156 4843 1626 4935 FESTIVITATIBUS

591 5036 655 5100 nn
694 5035 933 5102 nouanda
972 5036 1158 5103 ransart
1197 5036 1380 5102 aarum.

525 5375 745 5439 nuuoutulo
767 5375 807 5439 tlt
829 5376 933 5440 DUOS
956 5377 1187 5450 SROUENTES
1209 5379 1435 5459 ,subitonus

3 5588 5 5625 ;
53 5592 61 5603 ,
115 5535 177 5608 Oai
191 5533 230 5595 in
248 5527 508 5597 antecedentibus
522 5527 722 5603 editionibus,
738 5528 818 5589 sictd
832 5534 864 5589 et
878 5528 911 5589 in
927 5546 990 5671 ion
1005 5530 1113 5671 papale
1128 5549 1202 5593 mss.
1228 5530 1460 5613 exemplaribus
1478 5528 1510 5589 in
1528 5542 1627 5588 unum
1655 5528 1835 5609 perpetrem

876 5628 933 5671 coa
948 5628 1046 5673 uerus
1064 5654 1072 5673 .

152 5767 189 5824 ln
204 5762 396 5819 medonta
409 5759 578 5817 decedas
592 5774 664 5815 unus
678 5762 737 5817 crot
750 5775 839 5817 semo
853 5761 903 5833 qui
914 5778 989 5819 nunc
1002 5778 1020 5818 a
1035 5763 1113 5820 notis
1124 5764 1154 5819 in
1166 5762 1344 5821 duosdiulsas
1360 5760 1511 5834 protertur.
1522 5758 1609 5834 liuius
1621 5760 1691 5834 [ceti
1703 5760 1839 5816 rationem

118 5841 162 5910 st,
172 5838 284 5900 ledor,
294 5833 445 5902 inscitiane,
457 5830 595 5888 masnada
607 5831 805 5905 mamoesnda
816 5840 891 5889 euru.
907 5835 940 5891 la
952 5834 1152 5905 cataclismate
1176 5833 1351 5905 Quesaellum
1373 5830 1537 5889 editionibus
1561 5831 1650 5905 primo
1664 5828 1784 5889 senaom
1804 5844 1840 5912 es

119 5909 238 5971 hom
252 5903 621 5979 mahumetanos
633 5903 731 5963 tecta
739 5903 1000 5981 praemicantis
1016 5905 1215 5967 anniversario
1239 5906 1274 5963 dc
1298 5903 1345 5964 dis
1366 5902 1578 5983 assumptionis
1592 5904 1657 5980 ejus
1678 5901 1714 5963 ad
1730 5913 1841 5960 summa

299 6029 431 6099 temon.
452 6028 527 6097 ut.
1662 6029 1682 6099 t
