4050 6175
202 337 241 405 19
616 345 823 411 recreato
845 343 1065 410 GENlllihLlS
1087 345 1127 407 ΙΝ
1149 344 1256 408 HANG
1276 345 1507 410 normanum.
1861 344 1903 408 eu

202 475 396 558 adhibuerit,
422 479 484 544 alia
507 480 710 543 inemendata
731 480 867 560 reliquit,
894 480 956 542 alia
979 480 1074 543 etiam
1098 478 1185 542 haud
1208 480 1283 542 satis
1307 484 1381 561 apte
1406 480 1455 542 vel
1480 497 1647 563 perperam
1672 478 1815 543 mumvit.
1838 481 1903 543 Nos

201 580 343 638 tercenta
363 577 485 638 circiter
505 578 574 639 loca
594 579 644 640 vel
665 585 749 640 certa
772 578 990 639 emendatione
1012 578 1187 653 restituere,
1212 578 1259 639 vet
1288 578 1329 639 ad
1359 578 1521 641 meliorem
1551 580 1718 642 lectionem
1749 596 1900 642 revenere

202 673 374 753 potuimus.
397 676 554 738 Praeterea
575 695 613 737 er
636 682 682 738 tot
703 677 862 756 tantisque
883 677 1014 738 diversae
1036 676 1166 755 originis
1192 676 1351 737 codicibus
1372 677 1466 737 simul
1497 677 1630 750 collatis,
1662 696 1798 759 quorum
1836 679 1903 740 dis·

201 770 330 831 tinctam
353 773 497 835 notitiam
527 775 673 836 dabimus
695 774 725 834 in
754 774 939 854 praelatione
970 773 1011 835 ad
1032 774 1210 848 Sermones,
1243 773 1418 834 deteximus
1448 774 1670 854 corrigendum
1701 775 1845 837 ordinem
1867 777 1902 838 in

201 869 361 930 nonnullis
390 872 587 933 sermonibus
617 871 857 953 perturbatum3
888 871 1072 933 dividendus
1102 871 1181 932 dnus
1214 889 1374 932 sermones
1403 871 1459 951 qui
1488 871 1520 932 in
1553 891 1652 933 unum
1682 873 1901 948 coaluerant;

201 967 413 1028 amovendum
433 987 610 1031 sermonem
634 970 728 1031 Leoni
751 986 915 1049 perperam
939 968 1092 1030 tributum
1114 968 1154 1030 ab
1175 968 1333 1041 omnibus,
1357 985 1499 1030 necnon
1521 968 1620 1031 alium
1641 969 1744 1032 eidem
1767 989 1787 1033 a
1807 971 1904 1043 Ques·

202 1063 287 1126 nella
323 1083 362 1125 ex
383 1084 439 1128 suo
459 1068 565 1130 codice
592 1068 752 1141 atfictnm3
785 1066 883 1128 alium
904 1085 988 1142 vero,
1022 1085 1115 1147 quem
1143 1067 1201 1130 iste
1230 1066 1328 1128 Leoni
1358 1066 1504 1143 detraxit,
1538 1068 1793 1143 restituendum
1823 1068 1904 1130 alia·

202 1178 264 1240 que
285 1161 377 1242 plura
398 1166 681 1246 manuscriptorum
704 1185 763 1246 ope
786 1163 998 1245 prestitimus,
1023 1169 1058 1225 ut
1078 1183 1117 1225 ex
1138 1163 1407 1226 admonitionibus
1428 1170 1523 1245 atque
1554 1165 1814 1228 annotationibus
1845 1185 1904 1247 pa·

202 1257 292 1319 tebit.

243 1386 325 1449 Vlll.
346 1387 381 1448 ln
402 1387 549 1468 Epistolis
571 1387 685 1450 similia
705 1386 901 1467 frequentius
922 1386 1118 1465 detegentur.
1148 1385 1365 1448 correctiones
1387 1405 1450 1449 uon
1472 1404 1581 1468 paucae
1610 1406 1668 1450 nec
1697 1387 1783 1451 leves
1812 1390 1904 1452 iden·

202 1483 301 1545 tidem
327 1492 512 1560 occurrent;
537 1493 567 1548 et
588 1486 620 1547 in
640 1486 691 1547 his
711 1484 917 1565 chronologia
938 1483 1059 1563 aliquot
1081 1482 1289 1565 Epistularum
1313 1483 1549 1557 restituta,ordu
1572 1485 1714 1548 omnium
1735 1486 1906 1550 immutan-

203 1582 261 1643 dus
281 1583 352 1645 fuit.
376 1585 532 1657 Quasdam
555 1583 712 1665 Epistulas
730 1585 761 1645 in
783 1582 913 1644 dubium
936 1582 1139 1655 aQuesnello
1159 1586 1297 1657 vocatas,
1318 1587 1350 1644 et
1368 1583 1523 1644 nonnulla
1543 1582 1583 1644 ab
1605 1582 1716 1646 eudem
1731 1592 1903 1665 expuncta,

203 1679 427 1760 adjuvantibus
448 1683 621 1764 praesertim
643 1701 718 1744 mss.
740 1682 839 1756 libris,
862 1680 1020 1743 vindicare
1041 1680 1145 1742 licuit.

241 1806 294 1867 lx.
318 1809 386 1868 Non
408 1826 509 1888 panca
529 1808 582 1870 ille
605 1814 670 1869 tum
692 1808 725 1868 in
746 1806 962 1879 sermonibus,
987 1811 1053 1867 tum
1075 1805 1107 1866 in
1130 1805 1278 1885 Epistolis
1300 1805 1435 1867 mutavit
1457 1806 1544 1868 nullu
1566 1805 1703 1887 allegato
1730 1807 1850 1885 codice,
1874 1816 1908 1873 et

201 1920 241 1963 ne
262 1902 400 1965 indicata
420 1905 547 1985 quidem
569 1906 667 1967 veteri
687 1904 841 1978 lectione;
864 1903 950 1984 quod
971 1903 1146 1964 arbitraria
1167 1903 1368 1964 correctionis
1389 1902 1439 1965 vel
1460 1904 1671 1984 curruptionis
1692 1906 1904 1987 suspicionem

201 2007 361 2073 nonnullis
382 2005 499 2085 injecit.
523 2006 610 2065 Hanc
632 1987 759 2083 quidem
781 2019 946 2062 censuram
968 2006 1004 2061 ut
1024 2000 1077 2061 ille
1110 2001 1326 2080 praecluderet,
1349 2001 1382 2062 in
1412 2002 1554 2082 generali
1583 2003 1780 2083 praefatione,
1813 2025 1905 2069 num.

201 2109 232 2182 7,
255 2108 374 2169 factum
396 2105 479 2167 ultro
501 2102 592 2165 fateri
613 2121 677 2163 non
698 2100 857 2173 dubitans,
882 2098 964 2160 hanc
985 2098 1143 2179 duplicem
1165 2099 1256 2180 quasi
1277 2099 1432 2162 rationem
1454 2099 1612 2179 subjecit:
1637 2101 1724 2184 Saepe
1737 2102 1791 2164 lios
1809 2105 1908 2186 (nodi.

202 2204 278 2286 ccs‚)
300 2204 388 2266 omz'si
412 2221 571 2275 recensere,
599 2220 663 2261 cum
690 2197 827 2261 uidelicet
858 2195 1035 2258 indubitatas
1071 2195 1259 2257 certitudinis
1287 2205 1330 2257 est
1356 2195 1531 2272 mnendutio,
1560 2208 1590 2259 et
1623 2198 1665 2261 od
1690 2219 1755 2262 eum
1790 2203 1905 2267 cadim

202 2323 298 2367 omnes
312 2309 492 2384 conspirant.
509 2299 570 2361 Sed
591 2303 704 2360 neutra
725 2297 800 2358 satis
821 2296 936 2357 idonea
955 2296 1022 2356 visa
1043 2299 1100 2357 est.
1124 2295 1201 2356 Cum
1222 2295 1306 2356 enim
1329 2294 1367 2356 de
1389 2296 1506 2375 apertis
1534 2296 1695 2360 erroribus
1724 2317 1899 2364 amanuen-

202 2405 282 2466 sium
304 2402 354 2463 vel
375 2398 646 2481 typographorum
668 2413 732 2455 non
752 2394 866 2472 agitur,
892 2393 936 2454 uti
958 2393 1145 2472 plerumque
1167 2391 1199 2452 in
1221 2392 1297 2454 locis
1319 2410 1338 2454 a
1359 2392 1525 2465 Quosnello
1546 2394 1721 2457 emendatis
1742 2416 1806 2459 non
1833 2400 1904 2480 agi.

201 2508 262 2574 tur,
286 2506 361 2561 tunc
382 2497 532 2560 lectiones
553 2513 624 2575 quae
646 2498 740 2553 antea
761 2490 897 2570 vulgatis
918 2509 981 2552 nun
1007 2489 1124 2551 malum
1147 2507 1273 2550 sensum
1297 2489 1505 2552 referentibus
1535 2492 1707 2571 supposita
1728 2494 1828 2571 luere,
1852 2498 1907 2558 in·

201 2600 353 2663 dubitatae
375 2591 570 2658 certitudinis
590 2589 651 2650 dici
682 2591 857 2667 nequeunt.
889 2587 1050 2648 Generalis
1081 2604 1174 2666 porro
1206 2587 1365 2658 Ouesnelli
1396 2587 1569 2668 propositio
1600 2589 1639 2651 de
1670 2593 1908 2673 conspiratione

201 2698 341 2761 omnium
363 2692 519 2761 codicum,
543 2689 569 2749 si
589 2686 686 2747 fallax
708 2702 945 2765 nonnumquam
974 2685 1103 2745 inventa
1133 2689 1192 2758 est,
1216 2701 1287 2744 curn
1309 2685 1348 2745 de
1370 2684 1429 2746 hac
1461 2685 1510 2747 vel
1539 2686 1595 2747 illa
1616 2687 1750 2751 lectione
1782 2691 1840 2753 abs
1869 2713 1908 2757 se

200 2795 330 2858 inducta
350 2789 484 2870 scripsit,
510 2786 555 2847 ltu
570 2782 812 2858 omneseodires,
833 2801 929 2862 quam
952 2782 1047 2844 tidem
1079 2787 1218 2844 meretur
1245 2782 1277 2842 in
1307 2781 1345 2844 iis
1371 2782 1458 2860 locis,
1489 2784 1521 2844 in
1552 2783 1667 2864 quibus
1696 2789 1906 2854 emendandig

200 2894 320 2956 nnllam
349 2888 491 2951 codicum
520 2882 712 2945 mentionem
739 2881 960 2960 lacitheque
976 2879 1183 2942 rerotdcirco
1199 2879 1422 2942 affirmandum
1451 2886 1498 2943 ost
1521 2900 1606 2957 eum,
1624 2882 1678 2944 ubi
1705 2886 1787 2947 nihil
1814 2889 1906 2965 citat,

199 2991 363 3072 vulgatum
391 2990 512 3048 textum
538 3000 574 3043 ev
604 2980 735 3042 arbitrio
763 2984 899 3040 mutasse
929 2977 978 3039 vel
1005 2978 1194 3059 corrupisse.
1225 2979 1260 3041 ld
1285 2979 1384 3041 videri
1405 2985 1508 3060 potest
1528 2980 1565 3041 iis
1589 2982 1645 3062 qui
1672 2983 1755 3046 solos
1779 2985 1908 3051 codices

199 3091 403 3157 contulerunt
425 3079 633 3165 posteriorum
657 3077 890 3153 collectionum,
916 3096 956 3138 ex
989 3075 1104 3157 quihus
1133 3075 1253 3156 vulgati
1286 3076 1481 3157 prodierunt.
1515 3080 1577 3142 Nos
1611 3098 1685 3143 vero
1719 3083 1907 3165 antiquiora

199 3197 231 3255 et
243 3184 463 3272 prestantium
477 3177 670 3257 exemplaria
684 3176 778 3251 nacti,
795 3174 938 3254 diligenti
952 3176 1066 3235 horum
1082 3174 1249 3236 collatione
1270 3173 1448 3237 discerncre
1472 3194 1508 3237 ac
1527 3177 1702 3257 dijudicare
1725 3183 1906 3261 potuimus,

201 3308 271 3370 quae
294 3286 347 3347 ille
370 3283 440 3343 loca
464 3295 526 3339 non
552 3273 726 3348 arbitraris,
754 3290 810 3333 nec
835 3290 1000 3353 perperam
1017 3272 1214 3346 emendavit;
1242 3272 1325 3335 unde
1349 3273 1586 3336 emendationes
1604 3276 1689 3356 ipsas
1713 3279 1906 3360 retinentes,

199 3387 301 3451 citatis
317 3374 536 3455 manuscriptis
549 3370 756 3434 firmabimus.
782 3370 940 3431 Lectiones
962 3388 1036 3431 vero
1058 3387 1137 3450 quas
1158 3369 1207 3429 vel
1229 3369 1315 3431 nullo
1333 3371 1464 3451 antiquo
1486 3371 1566 3433 libro
1589 3374 1750 3453 probatas,
1773 3377 1824 3439 vel
1847 3397 1911 3441 so-

199 3485 237 3547 lis
258 3477 415 3543 interioris
436 3478 519 3535 nuta
542 3489 615 3530 mss.
648 3468 791 3529 sullultas
820 3467 1008 3542 invenimus,
1041 3467 1185 3529 restituta
1206 3468 1304 3529 veteri
1333 3468 1478 3542 lectione,
1501 3469 1550 3530 vel
1581 3470 1644 3531 alia
1666 3491 1748 3534 nova
1778 3493 1814 3536 ex
1838 3475 1908 3540 fide

199 3581 364 3645 meliorum
388 3572 542 3642 codicum,
562 3566 634 3646 jure
656 3567 834 3627 censuimus
855 3565 1102 3647 expungendas;
1126 3565 1157 3625 in
1180 3584 1243 3644 quo
1266 3564 1436 3644 aliquando
1459 3565 1625 3628 lectionem
1649 3568 1689 3630 ab
1710 3570 1765 3633 illo
1786 3571 1907 3635 induc.

198 3686 276 3755 tam,
300 3674 417 3738 nullius
438 3665 561 3747 antiqui
581 3664 652 3725 libri
673 3664 756 3725 iacta
780 3664 951 3737 mentione,
975 3663 1111 3725 libenter
1134 3661 1379 3738 retinuissemns,
1402 3663 1429 3724 si
1450 3662 1503 3725 illc
1524 3663 1658 3745 alicujus
1680 3668 1793 3749 optimi
1816 3671 1909 3734 cudi.

197 3779 241 3841 cis
263 3772 482 3838 auctoritatem
504 3762 695 3844 protulisset.

234 3902 272 3959 Χ,
295 3898 373 3957 tium
395 3896 499 3952 autem
522 3887 552 3945 in
574 3884 634 3945 hac
656 3888 763 3947 nostra
785 3885 920 3947 editione
942 3875 1119 3947 omittenda
1141 3902 1204 3945 nun
1227 3884 1344 3945 luerint
1365 3902 1461 3965 opera
1482 3905 1554 3967 quae
1584 3888 1681 3950 Leoni
1711 3890 1903 3963 Ouesnellus

194 3992 349 4067 attribuit,
371 3988 421 4050 vel
442 4004 507 4047 suoe
528 3981 657 4044 editioni
677 3982 845 4045 inserenda
861 3981 1027 4062 judicavit,
1052 3981 1084 4042 in
1107 3980 1156 4043 his
1177 3999 1303 4062 quoque
1334 3982 1508 4045 recolendis
1538 3983 1578 4046 ad
1608 3987 1903 4068 manuscriptorum

193 4095 287 4157 tidem
310 4088 410 4150 multa
429 4082 606 4145 invenimus
627 4080 824 4160 corrigenda,
847 4086 879 4143 et
899 4080 1053 4142 nonnulla
1074 4080 1169 4141 ctiam
1191 4079 1379 4160 supplenda,
1404 4086 1438 4142 ut
1460 4082 1660 4144 manifestum
1684 4083 1739 4146 liet
1761 4105 1891 4166 praeser-

194 4194 251 4255 tim
273 4191 305 4251 in
326 4184 414 4248 libris
435 4180 471 4243 de
500 4178 654 4240 l'occtione
677 4178 806 4238 omnium
826 4178 969 4258 gentium,
992 4183 1024 4239 et
1044 4177 1076 4238 in
1097 4176 1210 4239 Codice
1231 4177 1393 4240 Canunum
1416 4184 1448 4240 et
1467 4179 1731 4243 ConstitntIunum
1764 4191 1900 4266 apostu-

193 4291 261 4352 licee
283 4283 375 4356 sedis,
398 4281 429 4342 in
451 4296 514 4357 quc
537 4280 694 4357 postremo
716 4274 838 4336 edendo
861 4275 912 4336 ille
933 4275 1072 4337 codicem
1094 4275 1300 4338 recentiorem
1323 4282 1355 4338 et
1376 4278 1561 4340 mendosum
1594 4280 1780 4363 plerumque
1801 4301 1897 4346 secu-

194 4396 245 4451 tus
267 4389 324 4447 est.

233 4503 285 4566 xl.
308 4494 417 4572 Ouuad
437 4491 555 4554 inedita
576 4508 640 4550 nun
661 4487 762 4549 sulum
784 4487 815 4549 in
838 4489 953 4552 nustria
981 4508 1054 4551 mss.
1087 4491 1320 4570 exemplaribus
1349 4508 1403 4552 eas
1433 4491 1497 4555 lere
1528 4510 1638 4556 omnes
1667 4496 1837 4576 Epistulas,
1860 4506 1898 4562 et

193 4599 300 4663 multis
328 4596 362 4657 in
396 4589 473 4653 lucis
500 4586 729 4649 emendatiores
767 4586 955 4662 invenimus,
988 4606 1068 4666 quas
1102 4606 1141 4648 cs
1172 4588 1349 4650 Grirnanicu
1379 4589 1563 4660 Quesnellus
1594 4591 1746 4672 vulgavit,
1778 4612 1887 4657 vorum

191 4699 286 4762 ctiam
310 4712 349 4755 ex
369 4687 484 4768 insigni
506 4685 611 4747 codice
634 4683 853 4763 Ratisponensi
874 4689 937 4746 tres
958 4685 1036 4746 alias
1051 4703 1149 4746 noras
1159 4685 1270 4746 Leonis
1286 4684 1440 4766 Epistulas
1461 4688 1657 4767 proferemus
1676 4688 1710 4751 in
1728 4690 1841 4766 lucam,
1857 4711 1898 4755 ex

190 4795 342 4859 Vaticano
364 4793 468 4849 autem
491 4801 586 4844 unam
615 4784 754 4843 Graecani
781 4783 919 4843 Anatolii
949 4781 1291 4861 constantinopolitani
1320 4783 1459 4865 episcopi
1489 4784 1530 4846 ad
1559 4788 1697 4849 Leonem
1729 4794 1890 4867 nostrum,

190 4913 261 4976 quie
282 4889 324 4951 ad
345 4884 574 4966 Eutychianam
597 4879 758 4941 historiam
781 4880 998 4941 illustrandam
1022 4879 1191 4960 plunnium
1214 4880 1390 4941 conlerunt.
1416 4882 1544 4963 Aliquot
1559 4889 1711 4964 praeterea
1732 4886 1893 4967 Epistulas

192 4995 306 5056 Grmcrc
328 4977 593 5062 interpretationis
615 4977 754 5056 antiquie
776 4994 813 5037 ex
836 4977 945 5038 eodem
968 4978 1119 5039 Vaticano
1141 4975 1247 5037 cudicc
1270 4978 1418 5051 eruimus,
1443 4999 1523 5060 quas
1545 4982 1664 5062 publici
1681 4981 1768 5062 juris
1792 4985 1897 5049 lacere

192 5093 346 5174 quantum
367 5079 501 5153 intorsit,
523 5078 554 5137 io
579 5075 761 5156 pretatione
783 5074 823 5137 ad
845 5076 1001 5156 Epistulas
1022 5076 1216 5148 ostendetur,
1240 5095 1329 5137 num.
1351 5078 1402 5137 51.
1437 5079 1594 5156 lntegram
1627 5081 1787 5145 actionum
1818 5102 1896 5145 con-

191 5188 252 5251 cilii
276 5175 548 5248 Chalcedonensis,
571 5192 642 5252 quac
664 5172 695 5232 in
718 5173 851 5252 gratiam
874 5174 1014 5252 epistulae
1037 5175 1076 5233 93
1097 5172 1211 5233 Leonis
1237 5172 1355 5246 habita,
1389 5175 1530 5238 nondum
1560 5177 1594 5239 in
1626 5178 1728 5241 lucem
1762 5181 1893 5260 prodiit,

190 5286 282 5347 nohis
303 5276 546 5362 suppeditarunt
567 5270 629 5331 duo
652 5269 1011 5332 GraecicodicesVoneti
1032 5272 1064 5332 S.
1089 5271 1196 5343 ilorci,
1229 5289 1300 5331 curn
1332 5273 1446 5352 quibus
1471 5275 1566 5336 etiam
1598 5276 1690 5340 valde
1712 5278 1832 5341 utiliter
1854 5280 1895 5341 ad

191 5384 283 5464 plura
302 5381 372 5442 luca
392 5369 599 5441 emendanda,
626 5368 760 5429 Antonio
782 5372 912 5431 Zanetto
934 5369 1120 5449 opitulante,
1144 5368 1335 5431 contulimus
1357 5375 1498 5434 Graecam
1520 5374 1690 5437 editionem
1722 5376 1895 5438 multarum

189 5478 414 5558 Epistularum,
436 5490 507 5553 quea
529 5467 601 5528 licct
622 5464 778 5526 versiones
800 5465 873 5539 sint,
897 5473 1012 5528 nostre
1038 5472 1143 5527 tamen
1176 5464 1306 5527 editioni
1338 5467 1512 5532 inserendae
1545 5472 1685 5535 luerunt.
1709 5472 1781 5535 ntia
1811 5474 1894 5536 actio

189 5574 328 5655 ejusdcm
351 5570 474 5631 concilii
494 5568 526 5629 in
549 5582 643 5626 causa
663 5562 776 5622 Durani
796 5562 997 5637 Antiocheni,
1019 5564 1050 5624 in
1074 5582 1137 5653 qua
1159 5563 1320 5643 pontificia
1341 5566 1452 5627 Leonis
1485 5570 1657 5632 auctoritas
1688 5569 1892 5633 cummenda-

189 5680 250 5747 tur,
275 5689 313 5732 en
336 5687 392 5729 ms.
417 5663 634 5744 antiquissimo
656 5660 730 5721 olim
754 5662 935 5736 Veronensi,
961 5681 1045 5724 nunc
1067 5668 1172 5723 autem
1194 5661 1344 5726 Vaticano
1366 5670 1456 5727 cruta
1477 5666 1598 5744 edetur,
1630 5673 1662 5730 et
1691 5667 1725 5731 in
1755 5686 1811 5731 suo
1842 5670 1892 5733 lu·
