4050 6175
411 329 602 439 21455

946 359 1239 423 PASCH.
1284 354 1721 432 QUESNELLl
1769 355 2002 418 NOTAE
2044 356 2123 418 IN
2169 354 2601 418 EPIS'l'OLAS
2646 353 2713 417 S.
2756 353 3037 416 LEONIS
3080 349 3356 416 mmm.

3705 346 3859 409 we

445 488 735 562 Oportebat
764 491 916 549 enim
936 494 1007 548 ω
1040 491 1116 554 ‚ab
1153 490 1549 549 Aheaemzdrinae
1593 488 1849 544 Ecclesiae
1874 488 2110 558 praesale
2136 491 2191 557 Α
2217 487 2523 570 presbyter
2539 486 2806 543 Ecclesiae
2826 486 3229 544 Alexandrinis
3247 485 3557 543 ordinante
3569 482 3786 551 fuerat,
3803 482 3859 537 in

437 562 575 618 talia
602 563 821 633 scripta
849 556 933 618 'ad
973 562 1157 620 sedem
1205 563 1563 639 apostolicam
1587 562 1954 627 mitterentur,
1989 574 2111 633 quae

439 631 788 689 ostenderent
809 635 1130 704 magisterio
1158 634 1459 690 beatissimi
1483 632 1639 688 Petri
1661 648 1692 685 a
1734 632 1893 687 ostoli
1918 629 2017 686 hoo
2044 629 2112 686 ab

438 705 605 760 initio
649 719 751 776 per
797 705 1016 761 beatam
1041 704 1290 760 Mar-cum
1311 706 1436 776 ejas
1481 704 1690 773 discipu
1718 719 1814 757 am
1857 701 2113 757 didicisse

438 776 750 847 AEqmffios,
794 776 939 848 qnod
984 784 1198 832 canstat
1244 774 1537 833 credidisse
1582 775 1867 840 Romanos,
1902 777 1958 828 et
2004 788 2110 828 cae-

436 851 595 914 maz
627 868 659 900 υ
692 863 823 920 «μω
849 847 910 903 si
938 846 1291 912 addidisset,
1321 845 1516 918 inquit
1562 843 1867 916 Philippus
1918 844 2113 900 Labbe

431 916 669 977 unitim
700 917 1073 975 collectionis
1092 917 1483 974 conciliorum
1498 921 1866 988 procurator,
1889 915 1963 970 ab
1993 932 2115 971 om—

432 989 623 1048 nibus
650 989 1035 1072 antiquitatis
1084 988 1488 1045 ecclesiastica}
1533 986 1814 1042 studiosis
1860 986 2112 1067 gratiam

411 1059 774 1121 unanimam
805 1060 1059 1117 miisset.
1088 1060 1249 1116 Hanc
1279 1074 1415 1132 ergo
1440 1074 1553 1115 nos
1579 1058 1827 1129 gratiam
1859 1074 2109 1125 inimus;

445 1131 816 1215 verbenam
847 1130 951 1188 illa
981 1131 1228 1186 dubium
1262 1147 1378 1187 non
1424 1134 1518 1186 est
1539 1145 1613 1185 ex
1641 1128 1819 1210 hujus
1855 1144 1886 1183 e
1928 1127 2113 1210 istola}

413 1201 1813 1345 i'ffitssaffifflttszttifittffl,
1838 1215 2114 1353 vefflfssl

456 1344 709 1401 ationem
742 1345 813 1401 de
840 1344 1124 1402 Pasohate
1166 1344 1381 1400 reserat
1417 1343 1592 1411 Beda,
1623 1359 1757 1397 cum
1785 1342 1858 1398 de
1899 1342 1994 1398 his
2041 1357 2115 1398 ne

415 1449 426 1460 -
627 1415 872 1488 quidem
898 1416 959 1472 in
1000 1419 1124 1473 tota
1157 1419 1381 1493 quanta
1405 1418 1500 1471 est
1526 1413 1775 1486 epistola
1816 1418 2112 1486 appareat.

414 1492 453 1530 -'
551 1503 681 1543 rum
701 1491 862 1544 certe
884 1487 1242 1544 ’alterutrum
1268 1487 1439 1542 fateri
1471 1501 1711 1541 necesse
1737 1488 1864 1540 est:
1888 1483 1976 1540 vel
2006 1484 2115 1543 hoc

417 1555 830 1619 ·solnmmedo
859 1563 1195 1631 excerptum
1224 1556 1433 1615 1608
1463 1572 1642 1631 penes
1671 1555 1885 1612 Bedam
1910 1555 2113 1623 luisse,

450 1646 569 1686 nen
596 1642 733 1686 uene
761 1631 1076 1703 -integmm
1117 1627 1454 1702 epistolum
1500 1626 1589 1683 vel
1639 1643 1914 1683 somnum
1965 1626 2119 1683 inter

422 1700 767 1783 ,tegendum
798 1701 922 1757 viro
962 1700 1057 1773 pio
1102 1706 1163 1756 et
1208 1700 1437 1755 erudito
1461 1699 1829 1771 obrepsisse3
1859 1701 1984 1753 tota
2026 1701 2119 1754 est

455 1786 612 1827 enim
636 1772 708 1828 de
739 1770 1162 1828 incarnationis
1177 1769 1461 1843 mysterio
1481 1786 1513 1825 e
1555 1768 1747 1825 istola.
1774 1774 1960 1825 Immo
1978 1785 2115 1825 vero

450 1858 526 1898 ne
555 1843 615 1897 in
650 1843 981 1914 fragmento
1001 1842 1241 1914 quidem
1274 1840 1373 1897 illo
1443 1787 1553 1898 uid>
1588 1839 1704 1921 iam
1727 1841 2014 1921 esu-quod
2041 1840 2111 1895 ad

451 1912 678 1985 cyclum
695 1910 1031 1986 paschalem
1052 1926 1388 1984 quoquomo
1430 1928 1465 1966 o
1481 1925 1544 1966 re
1569 1924 1681 1966 erri
1740 1917 1907 1966 ossit.
1927 1911 2108 1966 Nemo

449 1982 606 2038 enim
640 1983 848 2040 dixerit
877 1987 980 2040 aut
1007 1982 1305 2056 AEgyptios
1331 2000 1369 2038 a
1400 1983 1457 2038 B.
1490 1982 1683 2037 Marco
1741 1981 2104 2054 avangelista,

451 2059 556 2110 aut
574 2059 635 2110 B.
661 2055 924 2113 Marcum
938 2055 1012 2112 ab
1034 2053 1297 2127 apostolo
1320 2054 1489 2109 Petro
1506 2053 1577 2109 de
1593 2052 1855 2125 paschali
1873 2068 2109 2126 compu-

457 2127 511 2180 tn
535 2125 884 2180 credendum
920 2125 1224 2196 quidsuis-in
1256 2123 1739 2197 accepisse,quod
1773 2123 1844 2178 ad
1876 2129 2106 2180 contro-

451 2200 699 2252 versiam
735 2200 940 2252 imonis
976 2204 1136 2252 :nt-nte
1172 2201 1388 2252 motam
1421 2194 1753 2268 pertineret.
1781 2195 1918 2250 Esto
1948 2195 2105 2250 enim

451 2265 1633 2412 ffss‘sssst.{im-¹132..{passaw}
1688 2264 2106 2408 asie-2253&

503 2367 615 2392 ..tt
691 2388 698 2395 ,,
840 2368 1000 2392 .ι’ῐι..·
1056 2372 1092 2392 ι.
1478 2381 1490 2406 ²

451 2416 711 2480 epistula!
743 2409 1092 2464 {instet-itinn
1124 2409 1225 2464 wiri
1257 2407 1412 2465 docti
1442 2408 1691 2482 probare
1719 2406 1909 2463 conati
1940 2413 2102 2476 sunt,

455 2484 667 2552 quihus
703 2484 964 2536 tidelia-vt
992 2480 1152 2555 lte->lm
1180 2483 1512 2562 excerptum
1539 2479 1928 2562 imposuerat;
1951 2479 2106 2536 atde

455 2556 844 2612 strictioribus
880 2552 1052 2620 htljtffi
1080 2551 1204 2626 insti
1237 2550 1524 2607 limitibus
1546 2550 1869 2634 quidquam
1893 2548 2104 2608 abillis

455 2632 503 2685 st
515 2632 563 2681 al
577 2634 629 2681 ut
643 2644 675 2681 n
687 2642 739 2681 m
755 2624 836 2681 tn]
860 2627 980 2677 trad
992 2624 1004 2677 i
1016 2632 1032 2677 t
1044 2644 1072 2677 n
1088 2640 1136 2677 n:
1160 2622 1340 2679 fuisse
1356 2626 1765 2696 posteris,quus
1777 2637 2104 2678 asseverare

463 2701 631 2753 relit‘f
663 2697 876 2752 [inim-li·
912 2701 1136 2749 tentum
1172 2693 1335 2750 abest
1363 2698 1429 2749 ut
1456 2692 1659 2748 litteras
1683 2709 1831 2765 quas
1861 2697 2104 2749 sanctus

455 2769 747 2825 Iunis-rius
771 2769 840 2821 dc
868 2769 1144 2821 fuist-*lutati
1172 2763 1405 2836 scripsit
1426 2763 1497 2820 ad
1528 2768 1797 2820 sanctum
1829 2764 2103 2832 Leonem,

447 2845 607 2897 buna:
659 2841 1080 2905 arsitii-nver-sin.
1140 2834 1221 2889 isi
1281 2839 1518 2907 propter
1570 2833 2102 2891 luculentissimam

451 2929 467 2965 t
499 2929 627 2965 nasu
663 2913 824 2961 Preti-
840 2909 956 2961 [15115Ε
992 2906 1239 2961 reddi-iit
1272 2906 1555 2963 rationem
1583 2904 1686 2962 tali
1719 2906 1998 2977 rescripto
2028 2906 2103 2961 ab

451 2933 547 3037 illu]
595 2981 868 3033 meritorii
948 2975 1240 3042 itu-‘affiliunrh
1270 2976 1413 3058 quin
1473 2975 1669 3049 potius
1727 2977 2100 3049 sententiam,

455 3069 631 3125 [pium
695 3049 775 3101 al*
803 2997 1124 3101 sangrinus
1184 3051 1425 3104 onustes
1480 3047 1911 3130 propugnabat,
1953 3064 2102 3121 aegre

451 3125 767 3184 admodum
795 3121 928 3173 tulit
948 3129 1186 3173 sanctus
1213 3119 1344 3187 Le0,
1368 3134 1497 3175 eam
1521 3124 1699 3174 veteri
1720 3119 2101 3176 observantiae

444 3191 805 3251 contrariam
854 3190 1227 3257 existimavit,
1270 3194 1327 3245 et
1372 3190 1446 3245 ob
1493 3188 1644 3245 hanc
1692 3188 1878 3246 solam
1925 3191 2101 3247 ratio-

438 3259 587 3322 'nem
614 3273 974 3320 ‘consensum
1020 3275 1195 3317 suum
1244 3260 1633 3316 commodavit
1675 3260 2100 3330 Alexandrinis,

443 3352 520 3403 ne
562 3352 675 3410 qua
721 3334 898 3389 disere
934 3334 1094 3388 antia
1146 3347 1247 3404 per
1295 3334 1608 3405 provincias
1653 3331 1718 3388 de
1765 3332 2105 3389 observantia

441 3406 570 3471 ”tam
599 3404 878 3464 venenavit
902 3420 929 3460 s
956 3405 1083 3475 festi
1110 3404 1283 3473 fieret,
1315 3418 1417 3458 neo
1444 3405 1586 3459 inter
1610 3403 1828 3458 Domini
1854 3405 2102 3461 sacerdo-

438 3474 536 3538 ''tes
555 3476 777 3548 'aliquid
815 3476 875 3531 in
920 3478 1072 3531 tanta
1107 3474 1444 3532 solemnitate
1479 3476 1610 3529 esset
1645 3474 1862 3529 variam
1907 3475 2102 3548 (Epist.

434 3545 569 3617 108,
604 3563 751 3609 nunc
801 3545 923 3612 137.
967 3545 1035 3601 ad
1076 3545 1263 3611 Maro„
1295 3562 1415 3616 cap.
1449 3544 1523 3617 4),
1557 3549 1620 3600 ut
1666 3545 1930 3616 loquitur
1976 3547 2101 3619 epi·-

432 3619 592 3677 stola
632 3620 704 3675 ad
749 3615 1115 3673 Marcianum
1166 3631 1322 3671 nunc
1375 3615 1631 3689 primum
1679 3615 1899 3688 publici
1942 3618 2099 3688 juris

437 3692 591 3748 facta
626 3708 639 3746 :
673 3691 731 3746 in
763 3704 883 3761 qua
911 3692 969 3744 et
1009 3692 1286 3743 testatum
1322 3686 1607 3742 habemus
1648 3687 1717 3741 ad
1771 3687 2095 3745 proterium

434 3763 506 3819 de
546 3761 658 3817 hac
705 3758 968 3834 paschali
1010 3758 1408 3817 controversia
1457 3758 1809 3830 rescriptum
1841 3776 1875 3814 a
1907 3759 2098 3817 Leone

431 3849 546 3890 non
594 3830 794 3888 fuisse.
842 3831 1073 3886 Litteras
1120 3834 1324 3899 autem,
1355 3828 1569 3901 inquit,
1601 3830 1797 3901 fratris
1836 3834 1887 3885 et
1916 3833 2093 3902 coepi-

427 3906 579 3975 scopi
605 3904 719 3957 mei
754 3902 992 3957 Protei-ii
1031 3900 1423 3956 Alexandiinae
1460 3902 1701 3956 civitatis
1741 3902 1981 3973 episcopi
2005 3919 2094 3958 me

426 3975 695 4045 accepisse
723 3973 993 4043 siqnifieo,
1020 3972 1222 4041 quibus
1260 3972 1407 4042 apud
1445 3973 1704 4042 pietatem
1744 3976 1987 4028 vostram
2026 3974 2094 4030 de

429 4060 551 4106 mea
576 4044 928 4102 consensione
950 4042 1227 4112 respondi.
1262 4042 1374 4099 Sed
1412 4059 1517 4098 nec
1550 4043 1660 4099 Leo
1694 4043 1816 4112 ipse
1847 4043 1918 4098 ad
1952 4044 2091 4100 Pro-

426 4112 641 4172 terium
671 4112 746 4171 de
782 4112 892 4167 hac
925 4111 1308 4183 inquisitione
1347 4114 1511 4184 prius
1559 4114 1893 4185 scripserat,
1928 4119 1993 4169 ut
2020 4131 2090 4171 ex

429 4184 607 4249 variis
637 4183 766 4254 ejus
795 4181 1007 4239 litteris
1053 4187 1233 4254 patet,
1264 4187 1322 4238 et
1366 4199 1437 4238 ex
1484 4183 1611 4255 ipso
1661 4183 1919 4255 epistolis
1950 4185 2088 4243 Pro-

486 4256 559 4313 rii
588 4252 845 4313 exordio.
878 4253 980 4310 His
1006 4254 1264 4325 denique
1291 4253 1440 4309 adde
1483 4254 1640 4326 quod
1681 4257 1807 4324 jam
1859 4256 2086 4327 pridem

610 4327 683 4385 ad
714 4324 1061 4392 Protei-ium,
1094 4341 1273 4397 quam
1316 4324 1530 4380 damus
1559 4342 1591 4381 e
1637 4326 1892 4392 istolam,
1940 4328 2084 4383 scri·

427 4403 627 4471 pascat
667 4401 908 4455 sanctus
956 4396 1088 4464 Leo,
1111 4413 1246 4453 eum
1297 4395 1537 4452 Proterii
1610 4398 1810 4453 itteras
1858 4398 1929 4454 de
1979 4399 2083 4455 Pa·

426 4470 626 4595 {dim
651 4485 789 4526 acce
832 4468 897 4536 it,
928 4472 1092 4525 utex
1118 4468 1295 4524 variis
1319 4484 1397 4523 ea
1426 4469 1497 4523 de
1527 4484 1589 4523 re
1634 4466 1865 4542 scriptis
1893 4470 2083 4526 mani-

450 4557 512 4596 es
543 4557 640 4596 um
667 4557 771 4596 eva
815 4540 880 4596 it.

479 4612 548 4667 ·3.
568 4608 904 4668 S.Thomas
935 4609 1220 4666 nonnulla
1249 4627 1321 4666 ex
1363 4609 1569 4666 eadem
1615 4611 1789 4667 refert
1831 4611 2080 4684 epistola
2111 4593 2156 4659 D

422 4678 543 4748 2-2,
565 4698 628 4753 q.
656 4680 744 4747 11,
765 4689 876 4736 art.
899 4684 954 4744 2,
975 4681 1048 4735 ad
1079 4684 1133 4735 2.
1160 4682 1323 4738 Unde
1353 4681 1467 4736 Leo
1496 4697 1667 4753 papa,
1692 4681 1905 4754 inquit,
1938 4699 2082 4754 qua-

423 4740 557 4815 dam
593 4748 845 4832 epistola
875 4751 946 4806 ad
989 4749 1314 4809 Proterium
1354 4770 1385 4809 e
1430 4753 1693 4824 iscopum
1740 4752 2083 4809 Alexandri-

425 4837 567 4878 num
601 4821 917 4892 dicitquod
945 4823 1165 4878 Inimici
1182 4826 1359 4879 crucis
1424 4825 1589 4880 aristi
1611 4826 1863 4880 omnibus
1881 4829 1933 4879 et
1960 4842 2081 4881 ver-

425 4886 508 4954 bis
534 4895 738 4951 nostris
778 4891 1124 4948 insidiantur
1159 4902 1212 4950 et
1256 4895 1506 4965 syllabis,
1538 4897 1590 4950 si
1620 4896 1791 4950 allam
1838 4896 1953 4950 illis
2000 4896 2083 4953 nel

417 4967 636 5038 tenuem
665 4965 1000 5047 occasionem
1024 4962 1214 5019 demus
1259 4982 1366 5036 qua
1399 4966 1720 5021 Nestoriano
1771 4970 1958 5021 sensui
1983 4984 2084 5023 nos

420 5042 1159 5177 coiltjaemlftrgmrio’tffizstgbe
1188 5103 1525 5162 collectione
1555 5124 1621 5162 ac
1651 5108 1805 5162 caede
1834 5106 1964 5163 vide
1988 5108 2079 5163 Li-

315 5178 321 5184 ’
420 5171 609 5239 bereti
641 5177 1174 5248 Breviarium,cap.
1217 5176 1284 5232 14
1338 5180 1395 5231 et
1442 5176 1539 5243 {5;
1574 5177 1781 5233 15⁴⁴
1827 5178 2085 5235 Hormis-

423 5247 564 5318 ,dam
598 5249 659 5305 P.
691 5250 785 5319 R„
818 5265 849 5304 e
893 5248 987 5304 ist.
1021 5250 1075 5317 8,
1096 5247 1171 5303 ad
1206 5244 1365 5319 Epiri
1396 5246 1605 5302 veteris
1636 5250 1953 5318 sinodum;
1981 5250 2081 5308 Ni·

420 5320 768 5402 cephorum,
802 5266 906 5374 lig.
939 5335 1032 5384 xv,
1062 5334 1129 5373 ca
1178 5360 1191 5373 .
1228 5318 1314 5384 16,
1348 5322 1405 5373 et
1436 5322 1677 5374 Leonem
1724 5324 1989 5376 nostrum
2021 5321 2081 5376 in

417 5390 685 5461 epistolis
745 5391 868 5458 100,
922 5390 1044 5456 102,
1097 5392 1122 5445 1
1170 5390 1223 5455 4,
1278 5389 1401 5454 117,
1454 5389 1576 5455 118,
1630 5390 1750 5455 125,
1801 5390 1923 5457 126,
1979 5393 2083 5448 133

418 5465 588 5533 (nunc
640 5461 763 5529 127,
817 5461 941 5527 131,
996 5461 1119 5529 133,
1159 5460 1438 5528 147,149,
1475 5460 1601 5522 156,
1649 5461 1951 5532 157,164).
2003 5467 2082 5520 De

419 5531 622 5586 eodem
648 5533 765 5588 sere
797 5536 1020 5588 certum
1052 5531 1319 5599 habetur,
1346 5530 1502 5604 quod
1526 5548 1560 5586 a
1581 5529 1856 5587 Dioscoro
1888 5533 2081 5588 archi·

2131 3226 2178 3290 C

2220 576 2349 630 ejus
2377 563 2569 614 locum
2595 566 2796 631 postea
2822 557 3196 632 subrogatus,
3219 575 3287 614 ac
3316 556 3559 612 tandem
3579 554 3862 636 hmretim-

2218 647 2351 687 rum
2393 637 2453 686 et
2505 629 2795 686 Timothei
2848 629 3171 703 praesertim
3229 628 3482 686 factione
3527 642 3780 695 occisus,
3808 627 3858 681 in

2220 699 2487 757 heclesiae
2506 701 2578 757 ba
2629 702 2875 766 tisteriO,
2896 706 2964 757 ut
2993 701 3075 756 ait
3102 701 3429 768 Liberatus,
3460 697 3548 754 vel
3583 700 3779 753 interi
3824 766 3837 780 ·

2216 773 2449 837 altaria,
2474 777 2541 827 ut
2613 772 2902 828 ormisdae
2923 775 3192 828 testatur.
3213 771 3424 828 Statim
3446 786 3516 826 ae
3535 767 3758 825 Alexan
3797 786 3863 824 n·

2220 861 2308 900 nai
2338 841 2606 900 Ecclesiae
2635 845 2943 916 praesectus
2973 848 3080 908 est,
3111 842 3335 900 litteras
3363 841 3608 923 scripsit
3635 840 3711 922 ad
3739 857 3866 896 san-

2220 918 2376 970 ctum
2401 918 2648 971 Leonem
2671 922 2729 970 et
2747 913 3131 971 ordinationis
3150 917 3206 970 et
3225 913 3357 970 fidei
3381 929 3503 968 suis
3532 912 3780 978 indices,
3795 913 3865 984 (a)

2221 1003 2369 1057 quas
2415 987 2807 1057 satisfactionis
2849 986 3040 1059 plenas
3066 983 3323 1058 appellat
3350 982 3613 1057 pontifex
3647 989 3864 1051 nostem

2222 1056 2498 1129 misitque
2539 1074 2642 1129 per
2678 1057 3009 1112 Nestorium
3051 1057 3416 1128 episcopum,
3442 1072 3620 1127 quem
3671 1055 3867 1111 Necta-

2222 1129 2374 1183 rium
2395 1129 2677 1184 mendose
2698 1133 2864 1185 vocat
2883 1128 3049 1183 Bedae
3069 1129 3152 1182 fra
3199 1131 3488 1197 mentum,
3509 1133 3566 1182 et
3588 1126 3868 1183 Nestoris-

2222 1216 2363 1255 num
2396 1200 2532 1256 edit.
2557 1198 2717 1272 vulg.
2741 1199 2999 1272 epistolae
3032 1199 3128 1254 104
3174 1215 3321 1253 nunc
3350 1199 3498 1266 133),
3521 1198 3594 1252 ad
3631 1197 3865 1254 Memin-

2221 1271 2501 1343 num,qui
2528 1287 2630 1343 per
2647 1271 2917 1327 eumdem
2940 1268 3263 1326 antistitem
3294 1269 3470 1326 Leoni
3501 1275 3704 1325 nostro
3734 1270 3866 1324 seri-

2222 1347 2438 1414 pserat.
2459 1341 2775 1414 Utrobique
2800 1342 2956 1397 enim
2985 1341 3168 1396 Grim.
3191 1340 3321 1396 cod.
3343 1339 3486 1413 legit
3512 1340 3865 1409 Nestorium,

2223 1428 2395 1485 quem
2418 1413 2690 1469 eumdem
2718 1429 2847 1470 esse
2878 1429 3006 1469 reor
3035 1429 3102 1467 ac
3132 1411 3432 1468 Nestorem
3465 1411 3722 1467 civitatis
3749 1411 3868 1468 Flu-

2223 1484 2558 1557 gonitorum
2588 1483 3065 1567 episcopum,qui
3098 1483 3327 1555 primus
3357 1483 3716 1555 subscripsit
3745 1496 3869 1556 pre·

2224 1556 2391 1612 cibus
2438 1560 2504 1610 AE
2571 1555 2842 1627 ·ptiorum
2898 1570 3307 1627 episcoporum
3344 1554 3419 1610 ad
3459 1556 3715 1611 Leonem
3762 1558 3869 1612 Au·

2225 1632 2463 1700 gustum
2491 1644 2526 1682 a
2569 1643 2775 1683 versus
2803 1625 3040 1682 Proterii
3072 1624 3415 1698 parricidas.

2293 1699 2468 1754 Lectis
2490 1699 2754 1770 primitas
2776 1699 3172 1770 praediotorum
3187 1697 3529 1754 sacerdotum
3554 1698 3874 1753 assertioni-

2227 1768 2344 1837 bus,
2377 1776 2506 1824 tunc
2527 1769 2746 1824 demam
2765 1785 2887 1825 mea
2906 1785 3115 1842 qaoque
3137 1770 3248 1824 scri
3286 1772 3341 1824 ta
3360 1770 3676 1824 recitentur.
3699 1768 3875 1825 Vetus

2226 1840 2462 1913 quidem
2493 1840 2852 1895 consuetudo
2883 1843 2940 1895 et
2960 1857 2994 1895 a
3018 1840 3224 1911 primis
3244 1786 3512 1895 sscclesiae
3541 1841 3877 1896 ductatem-

2261 1910 2483 1977 oribus,
2505 1927 2573 1966 ut
2593 1910 2991 1984 apostolorum
3016 1910 3271 1983 epistolae
3292 1914 3350 1966 ct
3369 1911 3594 1984 scripta
3613 1912 3674 1966 in
3698 1914 3875 1968 sacris

2194 2016 2199 2025 ,
2241 1981 2482 2039 idelium
2505 1983 2888 2039 conventibus
2907 1982 3270 2066 legerentur3
3294 1982 3395 2038 sed
3419 1982 3584 2038 haud
3607 1983 3731 2039 seio
3752 1987 3876 2038 ante

2216 2052 2338 2108 baec
2361 2053 2546 2111 sancti
2570 2052 2778 2109 Leonis
2803 2059 2986 2109 nostri
3009 2058 3122 2109 tem
3132 2070 3270 2125 pora
3287 2070 3434 2109 usus
3455 2053 3775 2109 invaluerit
3792 2071 3876 2110 re·

2217 2124 2541 2180 centiorum
2568 2125 2807 2181 Patrum
2834 2141 2936 2180 seu
2967 2124 3374 2197 episcoporum
3395 2126 3621 2197 scripta
3647 2125 3665 2180 l
3779 2126 3870 2180 ndi

2216 2211 2411 2251 coram
2444 2194 2610 2268 plebe
2630 2200 3002 2268 congregata.
3027 2196 3174 2252 Hinc
3194 2196 3340 2252 sorte
3359 2194 3453 2251 vel
3483 2213 3553 2251 ex
3584 2197 3698 2252 sim
3752 2199 3873 2253 ioe-

2215 2267 2447 2324 casione
2468 2272 2604 2323 nata
2614 2268 2980 2323 consuetudo
2999 2266 3273 2324 homilias
3283 2267 3871 2324 sanctorumPatrum

2197 2338 2534 2464 -publicedin
2565 2337 2809 2395 ecclesia
2836 2338 3142 2406 recitandi,
3173 2343 3230 2395 et
3258 2337 3451 2395 officio
3480 2337 3874 2395 ecclesiastico

2213 2425 2445 2465 inseren
2492 2427 2531 2464 1.

2618 2506 2713 2562 AD
2742 2506 3148 2563 EPISTOLAM
3178 2506 3460 2563 CXXXIII.

2794 2594 2984 2634 sanem
3017 2594 3281 2635 unomen

2670 2657 2741 2712 ad
2775 2661 2831 2713 S.
2863 2658 3097 2713 Leonem.
3121 2675 3326 2731 papam
3355 2660 3396 2714 1.

2481 2752 2634 2791 Aron
2675 2753 3055 2799 oussnsttum
3095 2754 3234 2794 POST
3261 2755 3440 2794 sris-r.
3475 2755 3598 2796 mu.

2280 2832 2334 2887 9.
2359 2834 2683 2891 Athanasio.
2718 2835 2802 2889 Ita
2831 2834 3167 2907 legendum,
3201 2851 3315 2892 non
3355 2836 3671 2901 Anastasio,
3705 2842 3774 2892 ut
3805 2853 3874 2893 ex

2212 2921 2355 2960 mss.
2388 2904 2557 2961 codd.
2581 2905 2849 2962 Petavius
2870 2912 2927 2961 et
2949 2906 3270 2962 Bucherius
3280 2908 3405 2978 jam
3430 2913 3792 2964 monuerant
3815 2909 3872 2964 in

2211 2991 2319 3030 suo
2350 2977 2600 3048 quisque
2629 2977 2701 3032 de
2740 2976 3017 3033 Doctrina
3043 2981 3390 3050 'temporum
3431 2994 3611 3051 opene
3643 2997 3657 3035 :
3690 2983 3756 3034 et
3783 2996 3874 3036 res

2210 3050 2373 3103 extra
2394 3047 2639 3104 dubium
2659 3051 2765 3103 est.
2786 3047 2957 3105 Modo
2979 3050 3203 3106 accedit
3224 3050 3541 3106 auctoritas
3563 3067 3718 3107 mss.
3738 3051 3877 3107 Oxo-

2212 3118 2454 3184 niensiS,
2472 3124 2530 3174 et
2550 3119 2608 3174 S.
2626 3120 2913 3192 Augendi,
2931 3121 3029 3193 qui
3053 3120 3271 3177 habent
3287 3122 3608 3177 Athanasio.
3627 3124 3772 3178 Inde
3789 3140 3873 3179 ar-

2209 3194 2554 3260 gumentum
2576 3196 2797 3245 certum
2822 3190 2977 3247 elicit
2994 3191 3316 3248 Bucherius
3335 3193 3407 3250 de
3427 3198 3600 3248 aetate
3621 3194 3685 3249 S.
3704 3198 3875 3249 Atna·

2211 3260 2382 3328 nasii,
2398 3277 2649 3333 eumque
2665 3266 2798 3316 ante
2819 3260 2974 3317 hunc
2994 3279 3236 3331 annum,
3251 3263 3350 3335 qui
3369 3263 3587 3320 Christi
3613 3265 3731 3320 suit
3746 3267 3870 3332 373,

2211 3331 2366 3386 diem
2400 3348 2514 3387 non
2547 3332 2762 3388 obiisse
2791 3335 3126 3389 contendit:
3152 3335 3244 3390 cui
3277 3336 3604 3407 suffragare
3633 3336 3872 3392 videtur

2210 3401 2598 3475 Hieronymus
2616 3404 2673 3458 in
2687 3403 2968 3460 Chronico
2984 3422 2996 3460 :
3011 3405 3109 3459 ubi
3129 3406 3558 3461 ordinationem
3579 3406 3870 3480 Petri,qui

2210 3473 2493 3535 successit
2505 3479 2706 3530 sancto
2715 3474 3054 3543 Athanasio,
3068 3477 3258 3533 eidem
3274 3493 3427 3532 anno
3445 3478 3742 3551 assignat.
3758 3477 3872 3534 Alii

2211 3546 2250 3598 1
2265 3545 2414 3602 ua
2439 3549 2520 3600 Ru
2531 3545 2652 3611 fini,
2667 3546 2850 3603 sancti
2868 3546 3062 3619 Cyrilli
3079 3547 3473 3618 Alexandrini,
3486 3549 3875 3622 Socntisqus

2209 3615 2525 3687 praesertim
2560 3617 2968 3673 auctoritatem
2993 3623 3312 3690 opponunt,
3333 3620 3433 3692 qui
3469 3622 3874 3701 quadraginta

2205 3692 2260 3741 et
2279 3693 2621 3745 sextantum
2640 3705 2826 3748 annos
2841 3690 3218 3771 episcopatus
3227 3689 3551 3746 Athanasio
3568 3693 3874 3760 tribuunt;

2204 3774 2454 3829 quorum
2472 3758 2717 3815 ultimus
2729 3760 3005 3818 Gratiano
3021 3760 3274 3818 etProbo
3289 3778 3440 3817 coss.
3453 3761 3630 3817 illum
3648 3763 3875 3821 obiisse

2203 3829 2586 3901 testatur,qui
2611 3831 2851 3903 quidem
2881 3848 2976 3889 an.
2997 3832 3099 3888 371
3128 3832 3503 3888 consulatum
3525 3841 3870 3906 gesserunt.

2202 3900 2344 3955 Cum
2371 3901 2626 3957 adversae
2649 3900 2897 3958 invicem
2927 3902 3053 3959 ista!
3084 3903 3455 3975 probationes
3476 3910 3874 3961 conteruntur

2202 3987 2266 4027 ac
2296 3971 2767 4037 committuntur,
2791 3974 2974 4030 fateor
3010 3974 3144 4046 plus
3176 3975 3329 4049 apud
3377 3992 3474 4030 me
3519 3976 3627 4032 SS.
3663 3977 3871 4034 fliero-

2200 4043 2357 4114 nymi
2408 4047 2465 4099 et
2520 4043 2761 4100 Proterii
2815 4046 3220 4107 auctoritatem
3280 4046 3497 4103 habere
3555 4049 3866 4119 ponderis,

2199 4129 2375 4185 quam
2395 4113 2666 4174 aliorum.
2689 4115 2986 4172 Indireetae
3004 4116 3159 4172 enim
3176 4123 3316 4173 sunt
3336 4116 3549 4173 horum
3568 4120 3873 4190 probatio·

2199 4201 2302 4240 nes
2333 4184 2405 4267 (si
2437 4189 2730 4242 Socratem
2759 4187 3035 4260 excipias)
3066 4204 3194 4259 quie
3225 4202 3258 4244 a
3286 4205 3533 4244 numero
3565 4206 3870 4247 annorum

2197 4257 2571 4326 pontificatus
2590 4257 2924 4325 trahuntur,
2943 4258 3045 4330 qui
3072 4263 3131 4314 et
3154 4263 3310 4316 stare
3340 4264 3536 4344 potest
3560 4278 3706 4317 cum
3728 4263 3867 4318 Pro-

2194 4327 2419 4384 teriana
2448 4328 2656 4384 mortis
2685 4330 2815 4399 eJ'us
2841 4328 3080 4402 epocha.
3103 4330 3251 4393 Quid
3275 4348 3431 4386 enim
3455 4332 3506 4386 si
3527 4349 3654 4389 non
3688 4350 3867 4390 accu-

2193 4404 2317 4454 rate
2339 4399 2655 4455 admodum
2681 4415 2780 4454 eos
2805 4416 2990 4476 annos
3019 4400 3069 4456 is
3090 4401 3467 4468 recensuerit,
3488 4404 3595 4475 qui
3627 4405 3867 4476 primns

2194 4470 2460 4525 omnium
2479 4472 3157 4537 eoscommemoravit,ut
3176 4473 3337 4529 nulla
3352 4476 3686 4531 necessitas
3703 4476 3869 4532 erat?

2194 4540 2331 4611 quid
2356 4541 2403 4595 si
2422 4542 2659 4597 exordia
2673 4540 3047 4623 episcopatus
3065 4544 3248 4600 sancti
3266 4544 3578 4601 Athanasii
3601 4564 3725 4603 non
3746 4564 3868 4603 om-

2188 4611 2422 4668 nimode
2452 4616 2609 4667 certa
2638 4613 2798 4667 sint?
2819 4614 2878 4671 81
2909 4615 3064 4670 enim
3098 4631 3229 4671 sera
3258 4617 3452 4689 magis
3483 4623 3651 4685 sunt,
3676 4635 3864 4690 quam

2190 4681 2366 4754 vulgo
2387 4684 2725 4744 creduntur.
2742 4687 2883 4741 tunc
2901 4702 3104 4741 verum
3128 4702 3258 4742 esse
3278 4688 3496 4759 poterit
3512 4693 3576 4743 et
3594 4690 3868 4761 quadra·

2233 4754 2354 4810 inta
2371 4772 2467 4810 sex
2486 4771 2672 4810 annos
2689 4755 2950 4811 tenuisse
2970 4756 3461 4830 episcopatum,et
3475 4764 3616 4816 ante
3632 4778 3864 4817 annum

2190 4770 2294 4881 §73
2316 4842 2430 4882 non
2450 4825 2791 4882 decessisse.
2810 4828 2882 4882 At
2902 4826 3290 4912 Hieronymus
3322 4828 3580 4913 diligens
3607 4834 3866 4905 scriptor

2190 4895 2311 4951 ordi
2322 4896 2614 4952 nationem
2636 4896 2783 4952 Petri
2803 4915 3159 4955 successoris
3174 4899 3474 4957 Athanasii
3495 4904 3770 4959 reserens
3786 4904 3860 4959 ad

2192 4966 2347 5021 hunc
2369 4985 2611 5036 annum,
2627 4968 2733 5023 hoc
2757 4985 2869 5023 non
2891 4970 3127 5042 scripsit
3143 4971 3256 5027 nisi
3273 4989 3341 5026 ex
3359 4972 3722 5031 indubitatis
3740 4991 3862 5031 mo-

2192 5039 2488 5095 nimentis.
2513 5039 2807 5095 Proterius
2833 5040 3051 5112 pariter
3068 5058 3138 5098 ex
3161 5043 3410 5115 propriis
3431 5044 3716 5101 Ecclesiae
3736 5062 3860 5101 sun

2191 5108 2442 5166 archivis
2463 5126 2582 5165 rem
2606 5109 2882 5167 didicisse
2898 5112 3228 5170 credendus
3249 5118 3358 5180 est,
3378 5131 3488 5171 nec
3502 5115 3862 5174 alterutrius

2188 5179 2589 5236 testimonium
2610 5181 2679 5237 ad
2705 5178 2886 5238 alium
2907 5199 3149 5239 sensum
3174 5184 3508 5258 detorqueri
3530 5185 3662 5243 ulla
3680 5188 3861 5244 ratio—

2191 5267 2263 5308 ne
2293 5255 2500 5323 potest.
2525 5252 2610 5307 Ad
2642 5252 2936 5309 Socratem
2963 5256 3117 5326 quod
3150 5257 3379 5324 attinet,
3404 5257 3515 5313 etsi
3542 5260 3763 5316 eadem
3792 5275 3860 5315 as

2191 5320 2486 5378 Proterius
2503 5327 2668 5379 aetate
2680 5323 3121 5396 scripserit,non
3134 5330 3333 5383 tamen
3351 5332 3708 5386 auctoritate
3718 5347 3856 5386 cum

2191 5391 2444 5449 Proterio
2473 5392 2584 5452 hae
2608 5392 2668 5449 in
2700 5411 2760 5450 re
2780 5398 3248 5467 comparandus:
3273 5415 3407 5455 cum
3425 5399 3554 5468 illo,
3580 5401 3855 5474 inquam,

2190 5464 2287 5536 qui
2301 5469 2358 5520 et
2367 5463 2673 5520 Alexandri
2681 5482 2725 5520 ω
2738 5466 2848 5521 scri
2856 5466 3096 5538 psit‚uhi
3113 5468 3272 5526 clara
3284 5470 3521 5543 erathuj
3528 5489 3605 5528 us
3616 5473 3860 5546 epoch-

2190 5534 2418 5602 notitia,
2442 5540 2499 5590 et
2541 5535 2812 5591 Ecclesiae
2855 5554 2973 5593 suae
3012 5539 3250 5610 scrinia,
3283 5546 3349 5597 ut
3383 5541 3564 5598 libuit
3603 5544 3861 5601 scrutari

1511 5618 2103 5678 BALLERINIORUM
2143 5622 2720 5682 ANNOTATIONES.

500 5684 574 5753 (a)
620 5686 863 5741 Proterii
923 5688 1170 5754 litteras,
1234 5705 1385 5761 quas
1440 5692 1833 5762 satisfactionis
1884 5692 2080 5762 plenas
2190 5695 2327 5749 tifex
2360 5694 2531 5776 petiit
2559 5710 2628 5749 ex
2657 5693 2827 5767 epist.
2857 5697 2979 5766 127,
3004 5712 3054 5752 c.
3081 5698 3130 5753 1.
3156 5698 3272 5755 Has
3298 5701 3596 5756 secundas
3625 5700 3858 5759 litteras

420 5751 543 5805 ‹L'eo
574 5757 841 5823 testatur,
875 5774 990 5813 non
1024 5764 1162 5813 sunt
1190 5760 1392 5831 primae
1432 5760 1629 5816 statim
1655 5765 1790 5833 post
1819 5762 1950 5833 ejus
1978 5779 2081 5818 or·
2187 5765 2491 5821 Nestorius
2521 5780 2556 5820 e

419 5820 791 5903 <tinctionem
841 5828 1091 5899 scriptae,
1120 5832 1223 5887 sed
1260 5831 1553 5900 secundis,
1586 5848 1735 5905 quas
1765 5847 1901 5888 cum
1950 5833 2079 5907 ple-

430 5905 595 5957 more
626 5894 685 5950 et
714 5894 999 5967 apertiore
1040 5899 1178 5980 fidei
1214 5900 1571 5980 expositione
1600 5903 1671 5965 ab
1702 5903 1905 5965 eodem
1933 5920 2080 5988 poa·

2597 5764 2833 5838 iscopus
2858 5766 2929 5822 ad
2964 5766 3214 5826 Leonem
3246 5770 3463 5826 attulit.
3490 5772 3644 5832 vide
3670 5789 3859 5850 supra

2184 5832 2422 5895 dissert.
2455 5836 2528 5894 de
2602 5836 2743 5916 pist.
2775 5837 3116 5915 deperditis,
3149 5858 3208 5900 n.
3239 5844 3302 5902 61
3338 5847 3397 5904 et
3417 5842 3513 5905 69.
