4050 6175
236 281 388 346 1481

732 280 1025 347 vasen.
1075 277 1509 358 QUESNELLI
1552 277 1787 349 No'rAE
1830 281 1906 349 ΙΝ
1951 280 2377 364 EPISTULAS
2424 285 2489 349 S.
2537 282 2818 349 LEONlS
2860 283 3134 350 MAGNI.

3488 290 3648 351 1⁴82

231 416 505 481 formula,
533 418 1029 489 postconsulatum,
1053 422 1189 485 etc„
1212 419 1382 489 cujus
1403 418 1672 490 exempla
1688 418 1884 491 aliqua
1916 425 1965 490 Α
1995 421 2333 474 sanctorum
2381 419 2786 492 episcoporum
2837 419 3205 493 aliorumque
3251 435 3378 480 esse
3410 419 3646 481 absolu·

229 489 417 545 habes
446 488 505 543 in
536 501 829 544 can'onum
852 490 1049 546 codice
1070 491 1360 557 Africam,
1389 490 1487 546 ubi
1510 489 1734 562 aliquot
1751 502 1886 548 con-

228 560 501 615 ciliorum
531 564 671 615 aetas
700 557 811 615 hoc
849 560 1025 616 modo
1078 562 1442 635 designatur.
1493 561 1601 616 Sed
1636 562 1744 618 hoc
1775 579 1892 617 non

227 630 408 687 aliam
431 631 505 686 ob
523 632 809 688 rationem
822 633 1053 687 'factum
1068 637 1362 704 est,quam
1384 632 1524 704 quia
1538 632 1732 689 adhuc
1751 637 1893 688 tunc

212 701 505 759 consules
532 701 820 758 Africanis
844 703 1103 759 nuntiati
1160 721 1272 758 non
1305 708 1500 760 erant:
1547 720 1684 758 narn
1735 708 1893 759 certa

227 777 356 830 erat
382 772 589 847 regula
607 776 675 829 ut
692 778 833 829 tunc
850 773 952 829 illa
976 790 1162 831 annos
1182 774 1419 830 notandi
1447 776 1594 830 form
1604 774 1699 830 ula
1717 791 1891 831 usur-

225 849 474 917 paretur
488 850 692 901 contra
708 849 1056 901 consuetum
1077 849 1348 901 notarum
1363 845 1757 901 consularium
1774 863 1893 902 mo-

230 915 678 980 rem.0uamdiu
696 914 850 971 enim
865 916 1126 988 dignitas
1143 916 1467 972 consularis
1485 916 1888 989 perseveravit,

223 989 384 1060 quod
417 987 478 1042 in
509 987 824 1043 Occidente
866 988 1083 1042 factum
1117 995 1200 1042 οε*
1240 1004 1424 1059 nque
1455 989 1525 1043 ad
1569 988 1891 1043 ²iustiniani

218 1058 602 1132 imperatoris
630 1062 898 1130 tempusa
930 1063 988 1114 et
1017 1058 1239 1114 belluni
1270 1058 1889 1115 Gothicum-Italicum

225 1129 817 1204 pei-uniuscujusque
828 1129 966 1184 anni
984 1129 1252 1185 consules
1270 1129 1740 1197 ordinarios,tem
1746 1147 1891 1212 pora

222 1204 601 1267 notatasunt,
628 1200 765 1255 anni
814 1216 885 1256 ue
902 1201 1244 1273 computati.
1265 1201 1446 1256 Cumi
1493 1201 1758 1257 ‘turanni
1785 1203 1890 1257 4⁴8

222 1272 503 1330 consules
532 1271 790 1327 ordinari
841 1271 1057 1327 fuerint
1078 1272 1227 1328 Zeno
1249 1277 1307 1327 et
1328 1273 1464 1327 Post
1512 1272 1891 1337 umianus‚ut

223 1345 364 1401 fasti
392 1344 676 1410 indicant,
702 1348 762 1398 et
782 1343 992 1398 Leonis
1013 1343 1197 1398 nostri
1225 1341 1482 1414 epistolis
1505 1344 1891 1410 duae,omnes-

221 1431 343 1487 que
365 1414 779 1471 chronicorum
808 1415 1142 1486 scriptores,
1167 1414 1332 1470 valde
1362 1414 1621 1470 insolens
1651 1420 1804 1470 esset
1826 1416 1885 1470 in

224 1485 470 1559 publica
501 1485 907 1557 inscriptione,
950 1501 1128 1556 quam
1174 1486 1433 1557 posteris
1458 1486 1592 1540 usui
1628 1486 1885 1541 futuram

222 1557 457 1614 volebat
478 1556 775 1623 Rusticus,
801 1572 916 1612 non
952 1557 1155 1611 tritum
1183 1556 1257 1611 ab
1282 1573 1350 1612 eo
1382 1557 1729 1612 numerandi
1769 1573 1889 1612 mo-

222 1629 375 1685 dum
405 1631 758 1699 usurpatum
793 1628 992 1683 l'uisse.

300 1701 355 1756 3.
389 1699 451 1754 Si
482 1699 566 1754 ita
595 1704 794 1754 tamen
825 1697 1125 1764 voluisset,
1174 1713 1288 1753 non
1322 1696 1685 1770 scripsisset:
1731 1699 1888 1754 Anno

218 1775 445 1844 quarto,
475 1771 697 1826 consule
745 1771 1129 1827 Vaterainicmo
1173 1771 1412 1839 Augusto
1440 1778 1705 1836 sextam,·
1738 1769 1879 1824 sed:
1914 1792 1960 1857 B

220 1844 357 1899 Post
384 1841 730 1897 consulantne
756 1849 974 1896 sextum
1000 1840 1374 1895 Valentiniani
1392 1839 1528 1910 Aaq.
1553 1855 1699 1895 anno
1722 1857 1886 1911 quar-

214 1923 292 1971 to.
316 1913 514 1968 Prima
532 1912 691 1967 enim
719 1911 895 1967 verba
927 1911 1000 1966 ad
1032 1910 1423 1984 posteriorum
1446 1927 1688 1967 sensum
1721 1911 1876 1968 trahi

215 1986 317 2040 vix
346 1999 415 2039 ac
444 1999 519 2039 ne
541 1983 638 2037 vix
659 1982 896 2055 quidem
918 1985 1187 2056 possunt,
1213 1997 1318 2037 nec
1339 1986 1481 2055 puto
1506 1998 1789 2055 umquam
1815 1998 1882 2038 eo

212 2071 397 2113 sensu
430 2070 563 2111 ease
592 2058 900 2127 usurpata.

290 2131 343 2182 4.
376 2130 495 2182 Nec
525 2130 823 2198 postrema
846 2141 973 2196 quae
997 2123 1311 2195 posuimus
1332 2124 1529 2190 verba,
1549 2131 1668 2196 post
1689 2139 1882 2178 consu-

210 2201 416 2266 latum,
441 2201 576 2264 etc„
601 2196 921 2252 inscribere
942 2194 1121 2267 lapidi
1136 2200 1399 2250 curasset
1415 2195 1883 2251 Rusticus.llanc

207 2270 378 2326 enim
398 2267 747 2324 numerandi
767 2266 1051 2323 rationem
1069 2268 1210 2321 tunc
1230 2264 1601 2322 solummodo
1624 2265 1682 2320 in
1705 2281 1880 2321 usum

206 2341 526 2408 vocabant,
551 2355 685 2395 cum
703 2337 982 2396 ordinarii
1003 2336 1276 2393 consules
1294 2353 1407 2392 non
1430 2340 1595 2393 erant
1614 2336 1737 2392 desi
1785 2353 1882 2391 na-

206 2413 285 2479 ti,
306 2427 413 2468 seu
437 2410 703 2468 nondum
725 2410 849 2466 noti
874 2414 978 2466 aut
996 2407 1271 2464 nuntiati.
1297 2408 1722 2463 Animadverten
1761 2422 1878 2473 am,

211 2483 416 2556 inquit
434 2482 799 2554 onuphrius,
815 2483 943 2536 illas
953 2488 1109 2536 notas
1122 2481 1184 2534 P.
1207 2479 1263 2534 C.
1288 2481 1648 2550 interpretari
1666 2479 1879 2548 debere,

207 2569 322 2626 qno
351 2568 500 2610 anno
527 2554 721 2608 nullas
748 2552 941 2608 consul
967 2550 1286 2609 ordinarius
1315 2553 1463 2613 crat.
1532 2550 1722 2605 erinde
1738 2564 1807 2604 ar.
1828 2551 1882 2604 si

211 2629 341 2698 quis
360 2625 591 2680 diceret:
616 2630 815 2680 Annus
844 2624 961 2678 sine
989 2622 1320 2685 corisulitms,
1344 2621 1440 2692 qui
1464 2567 1573 2692 [git
1599 2627 1720 2694 post
1749 2635 1881 2675 con-

209 2697 466 2753 sulatum
489 2697 553 2751 Ν.
607 2694 748 2766 (Onu
789 2695 876 2749 ἢν.
913 2695 974 2748 in
994 2694 1088 2748 lib.
1124 2711 1142 2748 1
1174 2695 1381 2748 Fastor.
1410 2708 1607 2763 para-9.
1640 2691 1707 2746 de
1739 2692 1875 2747 Con·

209 2766 525 2838 sut.).Quis
545 2781 718 2838 porro
778 2764 944 2821 ixerit
966 2763 1461 2819 posthumianum
1486 2769 1542 2818 et
1562 2763 1874 2829 Zenonem,

209 2839 321 2912 qui
356 2838 516 2893 fuere
544 2836 681 2892 anni
714 2836 818 2891 448
847 2834 1205 2901 consulesnn
1234 2834 1513 2890 kalendas
1546 2833 1881 2889 Decembris

227 2926 348 2967 non
370 2923 500 2964 esse
521 2903 644 2963 desi
690 2912 1019 2973 natos‚cum
1035 2907 1160 2977 jam
1179 2920 1212 2961 a
1229 2921 1429 2961 mense
1447 2905 1651 2961 Martio
1671 2908 1709 2961 1
1727 2905 1881 2961 ⁶8«)

225 2996 437 3037 eorum
468 2923 776 3035 consulatu
809 2976 1115 3050 epistolam
1149 2992 1316 3032 suam
1348 2977 1419 3031 ad
1454 2977 1669 3031 Dorum
1706 2977 1883 3032 Bene-

224 3055 550 3109 ventanum
568 3050 908 3123 episcopum
933 3048 1216 3105 notaverit
1237 3048 1349 3103 Leo
1368 3048 1603 3104 noster?
1623 3047 1755 3120 quis
1776 3062 1880 3120 pu-

225 3129 316 3189 tet
347 3123 585 3179 eosdem
616 3122 877 3177 nondum
907 3124 1046 3176 tunc
1070 3121 1128 3174 in
1159 3118 1454 3174 Gallicana
1475 3120 1770 3190 provincia
1790 3135 1880 3174 co-

225 3196 447 3268 gnitos,
473 3198 593 3248 tam
622 3192 832 3252 vicina,
856 3192 1121 3263 inquam,
1145 3190 1603 3263 provincia,quae
1626 3189 1881 3261 praefecti

226 3264 500 3339 pretorio
532 3265 733 3320 sedem
764 3262 1036 3319 habebat.

304 3337 385 3392 Ex
409 3336 624 3409 quibus
643 3333 1015 3391 manifestum
1030 3332 1206 3389 aliam
1225 3331 1537 3386 ineundam
1562 3346 1690 3386 esse
1704 3330 1881 3402 hujus

224 3408 409 3464 inseri
457 3406 634 3462 tionis
646 3405 1001 3479 explicandas
1021 3402 1737 3459 viam.Gonvenientiorem
1755 3418 1885 3474 por-

226 3496 295 3535 ro
314 3421 540 3534 nulfam
565 3477 793 3533 invenio
811 3491 988 3548 quam
1011 3480 1076 3530 ut
1087 3478 1362 3547 quartum
1378 3472 1546 3528 illum
1566 3474 1884 3539 annum,de

228 3565 353 3623 quo
370 3549 585 3631 agitur,
618 3562 733 3603 non
754 3561 789 3603 a
808 3544 1113 3603 consulatu
1138 3550 1298 3602 sexto
1328 3544 1743 3607 Valentiniani,
1779 3543 1881 3599 sed

228 3623 459 3692 ajactis
478 3618 727 3677 basilicis
750 3617 1148 3674 fundamentis
1169 3614 1883 3676 numeremusFamiliare

220 3691 394 3748 enim
424 3696 548 3748 erat
576 3689 854 3761 antiquis,
880 3694 945 3745 ut
975 3705 1092 3761 quo
1121 3692 1386 3760 tempore
1410 3685 1671 3743 construi
1702 3686 1882 3742 aediss·

229 3765 393 3820 cium
422 3760 722 3835 publicum
743 3764 999 3833 coeptum
1021 3764 1164 3823 erat.
1200 3773 1389 3830 quoxe
1419 3758 1759 3830 perlectum,
1779 3756 1887 3812 hu-

222 3834 498 3907 jusmodi
528 3831 1010 3905 inscriptionibus
1030 3835 1235 3886 notum
1259 3829 1507 3901 posteris
1527 3826 1757 3884 vellent:
1783 3826 1883 3899 qui

221 3906 386 3963 -rltus
410 3919 642 3978 semper
659 3904 718 3958 in
741 3919 853 3959 usu
873 3902 1002 3968 suit,
1015 3905 1073 3957 et
1092 3900 1265 3957 hodie
1284 3900 1458 3956 etiam
1482 3900 1700 3972 ubique
1712 3915 1885 3954 usur-

232 3976 551 4051 patur.Hoc
581 3991 644 4031 er
685 3973 916 4031 ovoluit
936 3972 1213 4029 Rusticus
1243 3972 1599 4045 significare,
1619 3988 1722 4043 per
1741 3987 1884 4042 qua-

233 4055 373 4105 tuor
389 4062 573 4103 annos
599 4063 634 4103 a
678 4047 934 4102 isscatam
951 4060 1079 4100 esse
1100 4043 1536 4099 Narbonensem
1557 4041 1883 4107 basilicam,

231 4133 341 4176 seu
392 4123 602 4191 quarto
632 4134 785 4173 anno
817 4131 945 4172 esse
991 4114 1323 4171 absolutam
1355 4131 1389 4170 a
1436 4114 1719 4185 quadrato
1747 4126 1887 4168 saxo

230 4190 452 4265 posito,
481 4187 537 4245 id
568 4193 658 4246 est
686 4206 721 4244 a
742 4187 921 4258 sactis
955 4186 1356 4241 fundamentis
1388 4200 1573 4257 usque
1603 4184 1675 4239 ad
1707 4183 1885 4239 limen

228 4261 586 4326 collocatum
607 4275 712 4319 seu
755 4275 913 4316 inem
936 4256 1704 4338 operiimpositum.Saxum
1728 4255 1886 4310 enim

324 4336 594 4393 adratum
612 4333 670 4388 in
688 4332 1066 4388 fundamento
1084 4343 1219 4401 poni
1235 4326 1485 4385 solebat:
1504 4327 1660 4383 unde
1673 4326 1886 4393 Livius,

227 4410 389 4466 libro
426 4422 506 4472 vt,
539 4404 775 4461 scribit:
832 4401 1161 4475 Capitolium
1190 4415 1323 4455 saxo
1350 4398 1614 4471 quadrato
1642 4398 1889 4452 substra-

228 4485 414 4540 ctum:
434 4476 642 4532 exinde
662 4473 928 4529 absolute
953 4471 1283 4545 quadratam
1301 4484 1503 4551 ponere
1552 4469 1705 4523 idem
1731 4484 1765 4522 a
1811 4468 1881 4524 ud

232 4550 512 4621 antiquos
526 4564 592 4603 ac
612 4544 1211 4612 fundamentaJacere,
1236 4556 1612 4614 primumque
1635 4538 1748 4611 lapi
1794 4554 1886 4594 em

232 4619 469 4676 aedificii
492 4632 722 4691 ponere,
744 4620 809 4671 ut
830 4614 889 4670 in
914 4613 1024 4670 hac
1042 4614 1216 4669 inseri
1228 4610 1724 4685 ptione.Similiter
1744 4625 1888 4692 qup-

232 4693 398 4749 niam
427 4688 663 4745 nonnisi
696 4686 964 4743 absoluta
986 4686 1159 4740 domo
1186 4684 1360 4740 limen
1397 4682 1533 4754 peni
1564 4686 1885 4748 consuevit,

235 4765 396 4819 idem
428 4758 686 4832 antiquis
718 4759 827 4813 suit
857 4756 1194 4813 absolutum
1226 4772 1353 4811 esse
1382 4752 1692 4809 aedificium
1722 4768 1790 4807 ac
1817 4750 1859 4805 li

236 4850 372 4890 men
407 4831 754 4888 collocatum
787 4846 888 4885 seu
933 4829 1108 4882 finem
1139 4826 1297 4898 operi
1331 4825 1696 4896 impositum.
1730 4822 1892 4878 Unde

237 4903 682 4961 Institutionum
705 4898 1024 4955 Justiniani
1056 4897 1155 4953 lib.
1181 4914 1199 4951 1
1229 4897 1317 4951 tit.
1359 4899 1450 4951 12:
1483 4897 1704 4951 Limina
1751 4895 1892 4949 sicul

238 4980 300 5032 in
330 4976 486 5051 domo
516 4974 683 5044 finem
702 4971 992 5044 quemdam
1023 4970 1258 5040 saciant,
1283 4968 1361 5022 sic
1386 4974 1435 5021 el
1463 4967 1687 5039 imperii
1728 4965 1894 5035 finem

239 5050 414 5103 limen
436 5060 546 5100 esse
572 5048 773 5101 veteres
800 5043 1105 5098 voluerant.
1129 5040 1267 5095 Hinc
1293 5041 1344 5093 et
1373 5038 1543 5092 limen
1567 5037 1775 5092 dictum
1793 5040 1889 5103 est,

236 5119 403 5192 qna-si
427 5117 555 5187 finis
584 5115 807 5189 quidam
834 5122 886 5170 et
911 5113 1201 5167 terminus.

312 5187 709 5244 confirmatur
721 5184 1008 5241 sententia
1028 5186 1225 5238 nostra
1235 5197 1303 5236 ex
1322 5197 1389 5237 eo
1403 5181 1560 5252 quod
1583 5183 1895 5252 postquam

237 5260 303 5316 in
333 5260 464 5332 ipso
494 5256 900 5330 inscriptionis
928 5254 1115 5326 capite
1138 5251 1291 5309 linea
1322 5251 1572 5324 oblonga
1602 5252 1896 5320 contento,

313 5326 930 5401 neratimsignistcavit
945 5329 1195 5397 quatuor
1216 5340 1401 5378 annos
1419 5323 1479 5378 in
1506 5321 1900 5378 construenda

236 5347 489 5460 geasssica
517 5415 650 5456 esse
677 5402 1077 5469 consumptos,
1100 5397 1527 5466 consequenter
1546 5392 1606 5448 in
1630 5390 1896 5464 reliquis,

239 5471 407 5546 quid,
434 5470 693 5545 quolibet
714 5486 887 5538 ann0,
947 5483 1091 5523 uove
1112 5483 1215 5540 pro
1260 5482 1421 5521 ressu
1449 5463 1775 5537 praestitum
1800 5463 1897 5530 sit,

239 5543 588 5615 singillatim
612 5540 877 5613 explicat.
958 5538 1105 5595 rimo
1132 5538 1212 5594 sci
1244 5539 1353 5592 icet
1382 5540 1440 5591 et
1470 5534 1778 5591 basilicam
1802 5551 1900 5589 ve-

239 5623 423 5670 terem
454 5612 806 5686 depositam,
835 5615 891 5666 et
913 5626 1069 5665 novae
1086 5610 1243 5680 jacta
1267 5606 1896 5663 fundamentasecun-

242 5688 340 5752 dc,
373 5686 636 5741 absidem
669 5683 940 5756 positam,
992 5681 1253 5753 illudque
1295 5695 1467 5736 omne
1500 5677 1718 5734 biennii
1753 5694 1901 5749 opus

244 5756 503 5815 Marcelli
579 5754 790 5810 raelecti
824 5752 1108 5825 impensis
1154 5769 1281 5807 esse
1313 5753 1669 5823 perfectum:
1720 5747 1902 5804 altero

244 5828 502 5904 denique
573 5826 791 5893 iennio,
824 5822 1129 5883 residuum
1159 5823 1351 5898 operis
1390 5839 1460 5884 ex
1502 5820 1904 5882 oblationibus

580 5952 851 6019 Parnoi..
896 5949 1054 6036 mv,

2003 495 2151 546 tum.

2073 562 2168 628 At,
2201 561 2449 634 inquies,
2482 561 2554 616 ab
2583 579 2731 617 anm]
2767 564 2987 616 [lucinio
3043 564 3244 636 quinia
3276 564 3648 636 cpiscnpatus

2002 632 2224 689 Rustici
2258 633 2330 688 ad
2361 632 2646 688 decimum
2687 652 2923 700 tullium,
2959 652 3064 688 nnn
3091 640 3340 708 quatum
3364 636 3524 704 anni,
3548 636 3644 688 sed

2045 705 2262 775 uinque
2285 708 2667 759 numerantur·
2699 708 3019 776 leawini-1⁴21
3039 708 3047 760 i
3071 712 3256 776 [niti-:st
3280 708 3480 776 ajacis
3508 724 3648 776 qua*

2001 720 2168 831 grato
2192 773 2386 848 lapide
2407 773 2667 830 adlimen
2699 780 2947 848 {nmium
2971 788 3220 848 quamni-
3236 796 3420 832 annus
3444 796 3648 832 nume-

2000 846 2265 901 raricum
2288 845 2486 900 decem
2505 847 2859 908 teredii-bns„
2879 848 2959 900 inl
2987 852 3051 900 ml
3079 868 3376 904 ,ειπῑῃῑῑιυῃί
3404 852 3648 920 quinde-

2000 918 2135 984 cim,
2160 917 2209 972 si
2236 916 2542 989 trigesima
2563 920 2807 999 septima
2831 916 2919 972 illa
2947 920 3067 976 ulis-s
3091 940 3119 972 a
3143 924 3232 976 ιΙιιῑ]
3264 920 3644 976 urdinntinnis

1998 993 2511 1060 computeturquae
2527 993 2719 1060 potins
2739 1008 2763 1044 ει
2783 992 2871 1044 ιίἐιῑ-
2895 1008 3003 1060 qna]
3027 992 3232 1064 sicinini
3248 996 3416 1064 ampli
3432 1000 3644 1048 [lxm-'site

1997 1058 2253 1115 ecclesiae
2279 1058 2471 1131 paries
2500 1060 3127 1116 numnrnnrlnsiricius}
3164 1064 3276 1116 Huc
3308 1080 3476 1136 parra
3502 1064 3644 1116 lanii
3732 1084 3748 1091 ·

2000 1147 2113 1185 non
2136 1134 2359 1196 erat,ut
2371 1129 2659 1185 rotundus
2675 1152 2703 1184 n
2719 1152 2747 1184 n
2763 1152 2955 1188 [uerna
2971 1144 3107 1204 qual
3123 1152 3224 1188 nnt-
3248 1152 3532 1188 :lunarum
3552 1152 3648 1188 an-

1997 1203 2119 1273 geri
2150 1201 2385 1256 deberet
2405 1201 2739 1273 quindecim
2771 1204 2991 1260 silerum
3023 1208 3332 1260 ciriathaim,
3356 1212 3644 1260 {jar-tenna

1994 1272 2199 1328 eadem
2231 1270 2333 1328 reli
2378 1271 2506 1327 'one
2535 1276 2879 1328 nuum-:mili
2919 1276 3043 1332 ens-:5
3071 1284 3127 1329 st
3160 1280 3292 1332 anni
3336 1280 3432 1348 qni
3472 1280 3544 1332 ab
3568 1276 3648 1332 in-

1997 1347 2179 1415 coepto
2209 1342 2317 1399 aedi
2365 1342 2452 1399 0ἱο
2486 1342 2787 1400 fluxerunt.
2839 1364 2947 1416 *1²²³
2983 1352 3352 1428 {splen-[ipatus
3388 1356 3648 1420 temporit

1997 1430 2063 1470 ac
2117 1429 2262 1496 pene
2292 1418 2608 1483 momenta,
2663 1420 2979 1488 {marswilre
3015 1436 3147 1472 cum
3188 1436 3240 1472 un
3276 1420 3648 1472 exstruendis

1996 1484 2254 1540 molibus
2279 1484 2475 1542 1581
2506 1485 2751 1558 lapideis
2783 1488 3015 1557 plurimi
3043 1492 3164 1545 *iias
3192 1492 3316 1545 sinn
3343 1488 3532 1545 labare
3560 1492 3644 1545 in-

1996 1557 2416 1621 termittantur,
2439 1560 2497 1611 et
2514 1556 2683 1613 multi
2711 1561 3048 1633 i⁴=<,===sa†11„÷nsl
3075 1565 3127 1613 su
3143 1561 3520 1617 asininas-ilum
3548 1577 3644 1629 pcl-

1995 1627 2173 1683 situm
2199 1627 2795 1701 fluxerintanteqimm
2815 1633 2971 1701 aperi
2991 1649 3119 1685 man
3135 1649 3200 1685 us
3220 1637 3640 1689 intimares-etun

2069 1696 2644 1781 lllaminscriptionis
2667 1705 3151 1773 iarun]‚afftir'rat'„,=l[*.
3172 1705 3432 1773 qmttlmlln
3456 1705 3515 1757 ln
3556 1705 3648 1757 idn

1994 1769 2053 1823 in
2083 1768 2483 1825 fundamentis
2516 1770 2703 1842 positu
2735 1773 3123 1845 explicuimus
3151 1793 3160 1829 :
3200 1777 3348 1845 quc-il
3384 1781 3440 1829 nt
3476 1793 3504 1829 a
3556 1781 3644 1829 [ita

1996 1840 2134 1894 Livii
2158 1841 2475 1896 auctoritas
2504 1842 2827 1897 confirmat,
2875 1849 2979 1905 igini
3007 1849 3075 1901 sis
3111 1849 3200 1901 alis
3232 1849 3296 1901 Ξῖ
3336 1849 3648 1917 &linsmaye-

1992 1913 2144 1966 simae
2175 1911 2367 1967 locum
2399 1911 2568 1967 illum
2600 1912 3079 1985 interfit-[ilmina
3119 1937 3147 1973 n
3184 1921 3440 1989 genuino
3472 1937 3648 1973 sensu

1992 1982 2304 2049 aberrant3
2339 1998 2443 2065 neo
2474 1985 2631 2040 enim
2667 1997 2979 2057 usurpatus
3015 1993 3244 2061 uspiam
3280 1993 3492 2061 legitur
3516 1989 3648 2045 'talin

1992 2068 2119 2108 com
2167 2053 2371 2108 utandi
2405 2053 2636 2122 modus,
2675 2073 2771 2109 nm:
2811 2061 3123 2113 vrrisiniilc
3155 2069 3264 2125 est,
3300 2079 3400 2129 prr
3432 2065 3646 2113 sancta,-

1992 2122 2103 2179 heb
2149 2125 2372 2179 otnadae
2403 2124 2547 2192 dice,
2592 2125 2855 2181 paschati
2895 2133 3188 2201 {namin-ins
3224 2133 3520 2201 sacrisque
3552 2149 3644 2181 sn*

1990 2193 2229 2251 lemniis
2256 2211 2397 2250 occu
2444 2199 2592 2263 atos,
2617 2213 2855 2253 mmmm
2879 2201 3228 2253 :millii-nmini
3252 2201 3500 2257 busiliffle
3572 2201 3644 2253 ri-

1989 2282 2155 2321 mum
2184 2278 2313 2322 esse
2345 2283 2380 2321 a
2426 2269 2663 2322 motam.
2695 2269 2947 2341 namqui·
2975 2273 3196 2329 atnrtin
3228 2273 3356 2325 idus
3380 2217 3648 2325 omnin-is

1989 2337 2064 2392 ad
2096 2337 2253 2392 diem
2301 2337 2372 2392 37
2421 2338 2891 2409 Quadriga-:anuas
2927 2361 3023 2397 sci:
3059 2345 3172 2397 scre
3208 2361 3340 2397 man
3368 2361 3460 2397 πε
3496 2345 3648 2397 inter·

1991 2408 2205 2476 fluunt,
2229 2408 2330 2491 qui
2362 2415 2516 2464 certe
2546 2410 2887 2482 deponendi-i
2923 2417 3131 2469 vetaris
3164 2417 3416 2469 serii-siffi-
3444 2413 3648 2489 parieti

1991 2494 2308 2534 necessarii
2341 2495 2457 2534 non
2483 2485 2666 2536 erant.

2061 2550 2164 2605 His
2188 2550 2269 2605 ita
2289 2550 2611 2622 explicatis,
2637 2551 2858 2609 clarum
2889 2554 3076 2610 evadit
3096 2553 3227 2637 ipso
3252 2555 3397 2628 sexti
3430 2561 3645 2613 consu·

1990 2618 2146 2676 latus
2197 2619 2592 2678 Valentiniani
2642 2624 2727 2678 Au
2778 2666 2790 2677 .
2847 2639 3021 2692 anno,
3055 2625 3278 2684 scilicet
3308 2628 3433 2694 445,
3465 2625 3644 2682 abso-

1991 2691 2179 2747 lutam
2211 2708 2339 2748 esse
2387 2693 2689 2749 basilicam
2771 2695 3180 2767 arbonensem,
3213 2697 3315 2770 qui
3343 2695 3641 2771 genuinus

1990 2769 2079 2818 est
2138 2778 2349 2818 sensus
2406 2765 2715 2821 verborum
2768 2763 3016 2822 istorum
3044 2784 3057 2824 ε
3122 2768 3352 2825 Consule
3400 2766 3638 2826 Valenti-

1987 2836 2159 2890 niano
2188 2835 2324 2906 Any.
2356 2851 2413 2889 v1
2445 2835 2543 2907 qui
2595 2851 2787 2893 annus
2830 2836 2955 2893 erat
2993 2837 3258 2896 decimus
3288 2852 3480 2898 nonus
3510 2837 3640 2916 epi-

1989 2909 2266 2986 scopatus
2297 2905 2537 2974 Rustici,
2572 2923 2745 2979 quem
2792 2908 3037 2980 proinde
3066 2926 3219 2967 anno
3266 2906 3500 2968 Domini
3530 2912 3637 2966 ⁴27

1989 2978 2324 3032 ordinatum
2356 2993 2483 3032 esse
2513 2982 2757 3050 oportet,
2800 2979 3055 3037 triennio
3094 2986 3228 3039 ante
3257 2981 3633 3046 Baluzia‘nam

1988 3047 2290 3121 epocham.
2325 3045 2450 3105 Haec
2474 3049 2648 3122 paulo
2679 3051 3085 3124 scrupulosius
3112 3053 3485 3124 discussisse,
3506 3058 3636 3111 tum

1990 3119 2182 3192 quoad
2206 3119 2429 3175 Rustici
2449 3122 2895 3190 monasterium,
2910 3128 3036 3181 tum
3059 3127 3250 3198 quoad
3267 3125 3639 3200 episcopatus

1990 3192 2121 3246 e'us
2142 3190 2378 3245 exordia
2429 3208 2613 3266 operas
2648 3193 2843 3249 forsan
2874 3193 3191 3267 aliquando
3221 3196 3474 3268 pretium
3507 3195 3637 3253 erit.

1991 3208 2291 3317 distoricae
2315 3231 2520 3316 saltem
2547 3261 2775 3317 veritati
2804 3264 2946 3320 utile
2966 3267 3076 3334 est,
3098 3271 3156 3322 et
3176 3265 3393 3321 notitiae
3413 3266 3640 3337 episco-

1991 3337 2235 3459 gatuum
2269 3330 2724 3399 Gallicanorum,
2744 3350 2870 3406 quae
2902 3350 3005 3408 per
3024 3335 3125 3392 illa
3155 3341 3418 3409 tempora
3436 3337 3642 3394 admo·

2034 3419 2134 3458 um
2165 3402 2414 3458 obscura
2443 3409 2535 3460 est
2563 3408 2620 3459 et
2649 3404 2888 3461 incerta.

2064 3478 2194 3529 Haec
2224 3490 2257 3529 a
2288 3489 2380 3529 me
2412 3474 2684 3548 superius
2707 3476 2926 3549 scripta
2944 3476 3004 3533 in
3028 3477 3219 3550 prima
3235 3489 3367 3535 mea
3388 3476 3643 3535 editione

1992 3548 2284 3617 optassem
2302 3547 2366 3599 ut
2379 3545 2658 3606 attentius
2671 3548 3526 3619 perpendisseteruditissimus
3543 3550 3644 3605 Ba-

1991 3616 2203 3684 luzius,
2216 3620 2532 3697 antequam
2547 3621 2808 3674 nostram
2823 3618 2983 3675 illius
3003 3618 3299 3691 particulis
3312 3620 3644 3693 inscriptio-

1993 3687 2087 3742 nis
2111 3703 2179 3742 ex
2223 3685 2554 3743 licationem
2586 3689 2906 3745 convellere
2935 3692 3237 3761 niteretur,
3280 3690 3367 3748 uti
3395 3695 3642 3749 conatus

1994 3758 2164 3814 estin
2237 3757 2347 3813 olis
2369 3757 2440 3814 ad
2474 3775 2677 3831 regum
2711 3767 3044 3818 nostrorum
3075 3760 3449 3835 capitularia,
3480 3764 3642 3820 tome

1997 3828 2067 3895 11,
2091 3827 2390 3901 pag lss52.
2414 3829 2607 3885 Pauca
2627 3830 2721 3887 hic
2741 3833 3101 3904 reponam,si
3123 3834 3290 3906 prius
3308 3834 3500 3891 virum
3521 3832 3639 3892 cla-

1996 3898 2299 3956 rissimum
2335 3900 2405 3955 de
2438 3900 2738 3957 nonnullis
2768 3903 2956 3961 amice
2985 3920 3408 3977 praemonuero.

2065 3972 2142 4025 Ac
2174 3971 2431 4043 primum
2462 3973 2701 4044 quidem
2733 3974 2898 4032 illum
2927 3976 3267 4034 meminisse
3285 3979 3515 4050 oportet
3529 3975 3642 4033 hoc

1993 4042 2148 4097 inter
2163 4058 2269 4098 nos
2290 4042 2350 4097 in
2374 4044 2753 4115 quaestionem
2776 4061 2892 4103 non
2915 4048 3131 4120 vocari,
3149 4053 3348 4106 utrum
3370 4047 3506 4106 ante
3523 4047 3644 4104 Ru-

1996 4112 2128 4168 stici
2150 4112 2548 4171 Narbonensis
2567 4121 2830 4191 tempora
2850 4124 3134 4193 usurpata
3157 4121 3235 4177 sit
3252 4120 3376 4177 haec
3392 4116 3647 4177 formula

1995 4188 2124 4242 Post
2152 4185 2497 4241 consulatum
2514 4205 2539 4252 ,·
2585 4188 2720 4259 quis
2749 4189 2909 4248 enim
2936 4204 3070 4248 vero
3117 4191 3275 4252 istud
3307 4190 3647 4265 negaverit?

1995 4257 2098 4312 sed
2119 4260 2315 4311 utrum
2336 4261 2479 4327 tunc
2492 4262 2773 4342 usurpata
2794 4261 3325 4319 sitcumcurrentis
3347 4260 3484 4317 anni
3506 4277 3644 4316 con-

1998 4327 2159 4410 sules
2187 4331 2245 4383 et
2274 4328 2453 4452 {reati
2499 4335 2556 4385 et
2583 4330 2678 4386 his
2708 4332 2808 4404 qui
2839 4332 3074 4404 publica
3101 4337 3232 4390 acta
3261 4324 3648 4389 conficiebant

1998 4415 2115 4454 non
2145 4415 2160 4452 ι
2249 4415 2281 4453 o
2310 4416 2348 4453 1.

2067 4471 2128 4523 2⁰
2157 4414 2396 4524 igit-lustra
2414 4468 2622 4526 molem
2639 4472 3041 4545 exemplorum
3060 4472 3295 4546 congeri
3315 4489 3420 4547 pro
3439 4470 3647 4528 eadem

1916 4524 1963 4589 D
1995 4539 2247 4595 formula
2277 4548 2395 4613 post
2423 4542 2781 4610 comulatam,
2814 4559 2949 4599 cum
2980 4544 3123 4599 nihil
3155 4544 3270 4601 tale
3300 4548 3568 4600 occurrat
3587 4542 3649 4599 iu

1999 4611 2175 4666 inscri
2222 4612 2400 4667 tione.

2070 4684 2130 4736 3ο
2158 4681 2396 4738 bullum
2420 4684 2628 4738 adduci
2651 4700 2821 4755 posse
2842 4682 3175 4758 exemplum
3205 4687 3265 4742 in
3291 4703 3407 4759 quo
3429 4701 3532 4760 per
3551 4679 3654 4745 illa

2001 4756 2265 4824 tempora
2285 4769 2476 4808 annus
2497 4769 2529 4807 a
2558 4754 2863 4810 consulatu
2880 4758 3006 4828 jam
3030 4763 3164 4815 ante
3186 4762 3305 4816 tres
3326 4775 3512 4816 annos
3532 4757 3650 4814 ela-

2002 4840 2107 4896 pso
2140 4829 2373 4879 notatus
2403 4823 2704 4880 habeatur.

2072 4898 2132 4954 [ιο
2158 4895 2315 4949 Hanc
2374 4912 2560 4977 annos
2608 4900 2958 4956 numerandi
2988 4902 3299 4972 rationem,
3358 4917 3534 4975 quam
3565 4898 3654 4955 vir

2002 4965 2210 5019 doctus
2254 4971 2386 5046 ‘tam
2437 4982 2702 5024 animose
2757 4974 2958 5029 tuetur
2997 4972 3056 5029 in
3094 4973 3491 5046 inscriptione,
3523 4970 3652 5043 ipso

2003 5037 2220 5161 fateptc
2252 5035 2599 5093 insolentem
2630 5056 2758 5097 esse
2790 5046 2848 5098 et
2875 5061 2909 5100 a
2937 5045 3235 5101 communi
3272 5059 3385 5100 usu
3435 5043 3653 5101 discre-

2046 5125 2118 5163 an
2150 5123 2261 5161 em.

2005 5125 2042 5181 p
2081 5177 2336 5264 Denique
2366 5180 2452 5236 vel
2484 5198 2553 5238 ex
2584 5184 2709 5240 sola
2736 5185 2937 5259 regula
2975 5188 3045 5243 de
3077 5187 3190 5242 ista
3234 5184 3486 5243 formula
3535 5183 3655 5259 post

2006 5252 2219 5333 Pascha
2240 5266 2298 5307 in
2317 5250 2605 5310 Formatis
2626 5257 2988 5381 apponenda,
3013 5273 3191 5330 quam
3213 5274 3316 5330 pro
3335 5258 3542 5331 seipse
3562 5258 3660 5315 ad-

2009 5323 2174 5377 ducit
2203 5339 2272 5379 ex
2301 5322 2546 5381 concilio
2569 5325 2704 5382 Cart
2749 5327 3036 5400 aginensi,
3070 5328 3229 5385 litem
3262 5329 3430 5386 facile
3459 5329 3660 5386 dirimi

2009 5394 2081 5449 de
2113 5392 2363 5451 formula
2385 5400 2509 5469 post
2536 5400 2897 5454 consulatum.
2924 5398 3068 5455 Cum
3103 5399 3258 5456 enim
3281 5401 3441 5474 prior
3458 5400 3559 5458 illa
3590 5399 3663 5459 de

2011 5463 2291 5523 Paschate
2317 5472 2457 5523 tunc
2480 5469 2851 5525 solummodo
2874 5475 3261 5543 usurparetur
3281 5489 3414 5529 cum
3430 5473 3663 5530 Pascha!

2010 5536 2136 5592 dies
2160 5537 2254 5618 'vel
2289 5544 2410 5594 erat
2442 5539 2683 5604 incerta,
2717 5540 2802 5596 vel
2835 5542 3095 5598 nondum
3130 5543 3483 5613 innotuerat,
3507 5546 3665 5602 idem

2012 5624 2251 5663 omnino
2301 5609 2369 5664 de
2415 5609 2666 5665 formula
2711 5622 2825 5684 post
2853 5613 3057 5671 1582
3098 5616 3443 5672 consulatum
3471 5617 3667 5675 dicen·

2012 5679 2154 5733 dum
2189 5695 2320 5734 esse
2352 5681 2727 5737 manifestum
2762 5687 2868 5739 cst.
2914 5684 3099 5741 Unum
3135 5686 3291 5741 enim
3322 5704 3453 5744 cum
3488 5689 3669 5747 altero

2011 5766 2266 5822 compon
2286 5756 2393 5806 unt
2422 5751 2654 5807 concilii
2679 5754 2898 5812 Patres.
2931 5754 3063 5813 Haec
3085 5761 3223 5814 sunt
3241 5758 3669 5820 verbazFoma-

2010 5824 2106 5893 tae,
2140 5836 2268 5897 quae
2297 5833 2331 5882 a
2367 5823 2726 5897 primatibus,
2756 5828 2841 5890 vel
2864 5844 2899 5889 a
2925 5828 3357 5908 quibuscumque
3384 5832 3670 5910 episcopis,

3273 5963 3352 6033 4⁸1
