4050 6175
229 323 305 386 tuat
444 327 447 336 ’
481 321 618 386 ΡΑΒΟΗ.
641 319 859 395 nauseanti
882 317 999 382 NOTAE
1021 320 1060 382 ΙΝ
1083 316 1298 381 aristatas
1321 313 1354 380 S.
1376 315 1518 381 tanais
1539 315 1674 381 MAGNI.
1829 325 1892 386 tata

229 457 349 530 quidem
361 453 483 527 judicio,
504 454 620 510 undeni
635 455 738 510 meritc
758 451 969 526 suppositionis
985 456 1054 508 nota
1068 456 1095 520 Α
1112 454 1172 507 rins
1187 452 1328 508 dicemus.
1344 450 1409 506 Alia
1427 457 1496 507 sunt
1517 452 1604 508 ctiam
1624 469 1686 526 qua
1706 455 1803 529 fingere
1822 459 1860 514 tia
1872 463 1895 517 in

228 529 372 597 inuratur,
383 525 443 583 sive
454 525 562 608 stylum
572 527 717 593 attendas,
728 525 787 582 sive
796 541 842 581 res
852 524 933 598 ipsas
941 528 1055 596 spectes
1111 530 1236 582 naeiitem
1249 525 1334 595 cujus
1344 524 1596 594 qaamrcnissent,
1608 530 1705 598 etqua
1715 528 1896 588 scribentisbe

227 616 301 673 quas
316 597 345 653 in
356 598 403 655 his
415 599 551 671 precibus
561 596 702 654 Gallicani
716 595 863 653 antistites
872 595 1054 664 edisserunt;
1111 613 1178 654 nam
1194 595 1280 649 tidem
1297 595 1458 667 scriptique
1482 594 1675 652 sinceritatem
1690 603 1815 671 arguunt,
1829 603 1898 675 quale

227 687 280 728 neo
295 669 355 726 nlla
370 670 458 726 etiam
474 674 594 750 apparet
610 668 684 725 ratio
708 686 766 741 qua
789 666 883 723 valide
899 668 971 722 saitis
988 683 1057 740 pre·
1112 666 1246 739 estquod
1263 666 1299 721 de
1314 668 1386 722 cinni
1398 669 1540 740 praeeatis
1559 684 1616 741 quo
1640 668 1793 726 scribebant
1804 677 1900 744 penaria

227 738 1055 814 clarihujuseeclcsrasticimonumentifidescencutiatur.
1112 738 1228 798 dieitur.

265 810 591 885 crantemaisnil
616 811 707 868 series
722 811 778 866 sibi
794 811 903 883 optime
919 809 1056 874 cohaeret,
1147 813 1175 866 6.
1191 809 1249 865 Hoc
1270 807 1361 865 moris
1376 812 1420 864 est
1435 808 1602 882 spuriorum
1619 809 1785 882 scriptorum
1800 817 1901 872 auctori·

229 903 282 943 nee
297 883 408 957 aliquid
420 883 534 955 uspiam
551 883 677 938 occurrit
692 881 721 938 in
732 898 789 955 que
802 899 902 938 cerum
919 898 937 937 a
950 881 1058 953 quibus
1113 880 1297 953 bus,ulquia
1307 880 1438 935 fraudem
1450 880 1638 953 potissimum
1651 881 1902 968 moliuntur,hojus·

230 957 430 1029 conscriptum
442 954 497 1010 luit
506 953 667 1027 ingenium,
677 952 839 1018 sinceritas,
851 952 1007 1025 prudentia
1017 952 1060 1006 ia·
1114 953 1192 1010 medi
1209 952 1319 1024 scripta
1333 951 1386 1007 hac
1403 952 1652 1025 decausaubiquc
1662 969 1763 1026 magna
1773 957 1903 1016 ambitione

231 1024 875 1099 dustriaquedesiderentur,uidesiderantur
886 1024 1059 1097 plerumque
1113 1023 1317 1091 disseminent,
1334 1039 1370 1078 nc
1385 1039 1472 1094 quem
1494 1023 1582 1079 lateat
1604 1025 1681 1096 qued
1697 1026 1824 1083 omnibus
1835 1029 1902 1086 etiam

232 1103 263 1158 in
280 1096 527 1182 scriptisfictitiis.
544 1098 616 1152 Cum
632 1096 710 1151 enim
724 1097 760 1151 ab
772 1094 891 1151 homine
902 1095 1061 1150 cordatoel
1114 1102 1176 1154 arte
1191 1095 1429 1167 pessimanotnm
1447 1094 1507 1149 lieri
1522 1095 1698 1167 discupiunt.
1709 1096 1903 1156 tneeututna-

232 1169 346 1228 liberali
361 1166 459 1225 indole
475 1167 595 1241 predita
606 1165 820 1223 alienissimum
831 1167 871 1222 sit
886 1165 1059 1238 hujusmodi
1116 1165 1785 1292 nierosasparganturcorumexemplaria,qua
1795 1169 1903 1243 trequen-

233 1237 1062 1317 opusculisconfingendismanuruadmovere,lltplerum·
1115 1245 1159 1295 ter
1172 1238 1360 1311 postmodum
1374 1237 1570 1292 occurrentia
1581 1238 1608 1292 bi
1632 1237 1904 1298 liothecarumcodici·

234 1330 292 1387 que
301 1310 413 1369 attalia
425 1310 534 1382 scripta
543 1309 739 1382 relexpannis
749 1308 805 1365 sibi
817 1308 939 1365 invicem
952 1308 1062 1364 assutis
1115 1311 1188 1374 bus,·
1203 1308 1275 1364 nibil
1285 1307 1341 1363 tale
1354 1307 1531 1364 Arelatensis
1539 1308 1693 1381 provinciae
1702 1308 1794 1367 libello
1801 1314 1904 1387 contigit,

233 1384 471 1457 compingantur,
479 1381 523 1438 rel
535 1381 644 1463 ubique
657 1379 860 1453 incompositis
871 1380 1062 1452 barbarisque
1117 1398 1184 1437 eum
1200 1386 1326 1436 econtra
1337 1379 1372 1434 ad
1384 1385 1483 1435 nostra
1494 1396 1588 1452 usque
1598 1384 1732 1452 tempora
1740 1382 1768 1437 in
1778 1382 1905 1441 Arelatensi

233 1456 364 1523 vocibus,
381 1452 625 1519 anachronismis,
638 1450 762 1534 aliisque
773 1450 1063 1507 similibusscateant
1119 1451 1236 1509 archiva
1257 1450 1416 1515 delituerit,
1443 1467 1458 1504 e
1484 1468 1541 1523 quo
1557 1468 1614 1506 uno
1630 1469 1724 1525 nuper
1750 1454 1906 1528 depromptus

235 1524 476 1592 oetateeindiciis;
497 1522 587 1579 itaut
615 1540 691 1606 saepe
721 1522 837 1579 illorum
853 1522 1017 1595 suppositio
1032 1523 1062 1578 in
1117 1529 1161 1581 est
1176 1527 1205 1578 et
1218 1523 1255 1578 ab
1270 1521 1453 1579 eminentiss.
1469 1522 1547 1576 card.
1566 1522 1689 1579 Bnronio
1704 1525 1765 1580 suis
1777 1526 1906 1585 Annalibus

196 1641 204 1648 -
234 1598 335 1657 oculos
348 1596 435 1653 etiam
452 1594 551 1651 minus
566 1610 748 1669 perspicaces
768 1593 852 1650 facile
866 1593 1006 1649 incurrat.
1118 1596 1256 1652 insertus.

270 1674 298 1726 2.
313 1669 481 1725 Numnam
498 1665 670 1749 hujusmodi
686 1666 794 1738 scripta
805 1665 873 1738 fingi
889 1665 992 1733 solent,
1006 1664 1063 1720 nisi
1154 1664 1905 1738 Deniqueargumentaomniaquaadociissimoanti·

237 1686 460 1799 elnonensium
477 1753 511 1792 ex
526 1736 562 1792 irs
581 1736 774 1809 patrocinium
800 1736 958 1808 desperata
974 1735 1062 1792 alicui
1118 1736 1409 1810 quitatisscrutntore
1417 1736 1620 1793 adversushas
1629 1754 1729 1810 preces
1745 1738 1906 1809 insimuatur,

237 1829 332 1869 causac
343 1809 544 1881 conquiratur.
556 1808 661 1863 Parum
672 1812 768 1864 autem
777 1812 860 1863 caute
870 1807 1067 1864 consuluisset
1080 1821 1105 1888 Β
1119 1809 1190 1864 talia
1217 1823 1282 1863 esse
1306 1806 1379 1862 milri
1401 1806 1536 1861 videntur
1555 1812 1587 1862 ut
1611 1825 1647 1864 ex
1670 1808 1717 1864 his
1739 1825 1797 1882 qua
1819 1812 1907 1884 'amjan

237 1882 339 1956 scripti
347 1881 438 1953 hujus
447 1878 551 1935 artilex
559 1877 737 1935 Arelatensis
747 1877 880 1935 Ecclesiae
892 1878 1063 2003 privilcpiis,
1119 1879 1225 1936 dicturi
1242 1895 1346 1933 suanus
1362 1877 1479 1932 alurndc
1494 1877 1549 1932 sibi
1562 1878 1744 1936 satistactum
1755 1829 1908 1939 coelissunt

239 1954 264 2012 si
291 1969 327 2011 ex
350 1951 487 2026 precibus
509 1965 611 2006 eorum
632 1950 750 2007 nominc
772 1949 887 2019 oblatis,
910 1950 959 2023 qui
983 1950 1064 2006 itius
1119 1952 1168 2014 sit,
1193 1955 1225 2006 ut
1248 1966 1332 2023 spero
1355 1948 1399 2003 rir
1422 1966 1495 2004 acrae
1519 1949 1669 2023 opinionis
1693 1953 1829 2009 amantior
1843 1971 1907 2028 quam

239 2041 359 2083 causam
370 2021 581 2079 defendendam
593 2027 792 2094 susceperant,
803 2021 904 2077 eadem
917 2020 1066 2104 privilegia
1119 2040 1189 2079 sue.

147 2141 151 2144 -
240 2095 409 2154 confirmari
435 2108 522 2166 posse
542 2091 599 2147 sibi
619 2092 823 2165 persuasisset.
849 2092 919 2158 Quis
938 2109 1015 2148 enim
1031 2109 1066 2149 ex
1157 2096 1181 2150 t.
1198 2093 1291 2159 ltalia,
1309 2090 1455 2163 inanitio
1474 2091 1564 2147 libelle
1578 2094 1701 2165 supplici
1710 2094 1878 2166 maenianae

239 2166 331 2241 partis
340 2164 428 2221 unius
438 2163 607 2290 prejudicio
618 2163 791 2220 sententiam
803 2163 994 2220 adversusliti
1037 2183 1067 2220 n·
1120 2166 1266 2233 illicacta
1290 2164 1421 2228 mittitur,
1446 2164 1598 2235 inscriptio.
1622 2166 1677 2220 red
1702 2167 1770 2239 quid
1794 2167 1817 2223 si
1835 2170 1878 2223 scri

239 2238 430 2295 temelterum
457 2233 990 2307 eeernst?Certesialiquidcenfingcn
1016 2253 1065 2291 um
1122 2236 1209 2292 unius
1225 2233 1377 2290 oscitantia
1392 2234 1502 2289 omissa
1525 2235 1590 2290 est?
1614 2235 1689 2292 Cum
1716 2237 1790 2293 cuim
1808 2240 1910 2294 caranico

239 2305 813 2388 habebatttrelateusiscausaepatronus,
823 2305 1067 2363 idilliusnemine
1121 2305 1276 2379 exemplari
1293 2305 1453 2377 desumptas
1469 2305 1526 2361 sint
1541 2322 1643 2378 preces
1659 2307 1731 2376 istae,
1744 2309 1811 2382 quid
1824 2310 1854 2365 ab
1865 2310 1910 2366 aliis

260 2378 559 2453 remulgandumerut
569 2377 654 2449 cujus
653 2377 803 2503 ¹‚iudicium
817 2376 1030 2450 postulabatur,
1038 2383 1067 2435 et
1122 2381 1231 2435 luctunr
1247 2378 1283 2431 sit
1300 2394 1357 2432 nen
1375 2381 1512 2448 apparea
1529 2393 1582 2433 nee
1598 2378 1643 2434 las
1659 2385 1704 2434 est
1718 2381 1847 2437 adversus
1859 2381 1911 2436 scri·

238 2399 325 2526 fende
340 2449 481 2524 gravioris
498 2448 638 2503 momenti
666 2449 757 2504 uisset
779 2448 905 2518 alieuius
919 2448 1068 2521 pontilicis
1122 2454 1204 2523 ptum
1221 2448 1391 2520 hujusmodi
1407 2463 1442 2502 rx
1458 2447 1586 2504 levicula
1598 2451 1768 2508 emissionis
1778 2453 1911 2524 prejudicio

240 2523 363 2580 Romani
379 2522 539 2587 decretum,
552 2519 581 2574 in
598 2535 656 2592 quo
670 2519 770 2575 simnia
780 2520 880 2575 eodem
894 2525 1068 2593 argumenta
1123 2522 1284 2647 quidpuam
1300 2515 1465 2574 dercr'nrre.
1482 2520 1562 2575 Adde
1576 2521 1656 2592 quod
1668 2520 1753 2577 aliter
1761 2523 1866 2595 epistola
1877 2540 1912 2595 per

240 2609 305 2667 qua
321 2593 509 2650 eontinentur
523 2590 569 2646 his
584 2590 720 2662 precibus
735 2597 960 2664 exponerentur,
977 2609 1068 2664 quam
1122 2592 1198 2648 tabel
1213 2590 1455 2671 ariaminittenda
1463 2590 1679 2664 alilersupptex
1687 2592 1799 2650 libellus
1808 2611 1851 2667 per
1859 2612 1912 2666 pne

242 2665 436 2749 preccsipsae,
452 2680 517 2790 <pure
533 2668 636 2734 prater
646 2662 773 2718 rationes
784 2662 893 2735 quibus
907 2662 1069 2719 fulciantur
1123 2665 1256 2737 bytcrum
1273 2668 1301 2717 et
1316 2662 1471 2718 diaconum
1483 2660 1594 2735 legatos
1605 2665 1773 2721 atterendus
1782 2667 1912 2722 ordinatur.

242 2736 316 2793 nihil
325 2751 380 2792 nisi
390 2751 466 2808 supp
479 2733 620 2790 icanlium
636 2739 701 2789 rota
711 2733 914 2802 exiribcnt,nec
927 2733 986 2791 ulla
1001 2751 1068 2808 prc-
1124 2735 1255 2806 Denique
1265 2736 1378 2788 tantum
1391 2733 1511 2788 abestut
1522 2736 1913 2810 suppositionisargurnentum

242 2809 306 2882 pria
341 2804 622 2863 ollentauetoritate.
1124 2807 1161 2862 sit
1177 2807 1274 2862 ΗΜ
1296 2802 1515 2886 splendidarum
1531 2804 1704 2887 hujusmodi
1729 2807 1913 2881 inscriptionum

249 2907 254 2914 -
277 2880 305 2934 3.
320 2825 424 2935 ilicant
437 2875 536 2942 velim,
552 2876 602 2946 qui
618 2874 761 2947 scriptum
777 2874 854 2931 istud
872 2874 1007 2931 salsitatis
1020 2894 1070 2932 ar·
1124 2877 1255 2944 omissio,
1272 2892 1343 2947 quin
1361 2874 1457 2947 patius
1483 2874 1582 2948 scripti
1609 2878 1805 2935 sinceritatem
1826 2879 1912 2949 etinrit,

245 2954 349 3022 gaunt,
366 2964 424 3020 que
449 2952 589 3026 tempore,
607 2962 668 3070 aaa
691 2951 773 3028 etate
791 2963 954 3071 procusum
979 2947 1070 3005 luisse
1124 2966 1192 3005 curn
1208 2947 1379 3020 plerumque
1403 2962 1459 3001 non
1484 2945 1539 3001 nisi
1561 2948 1676 3006 iraudis
1702 2950 1828 3006 iacienda
1844 2951 1913 3026 gratia

246 3018 581 3095 putent.AnLeonrset
632 3017 769 3071 arenant
816 3017 950 3090 tqurdni
972 3019 1070 3090 potius
1124 3018 1276 3095 operosius
1291 3016 1427 3073 adornari
1448 3021 1477 3072 et
1495 3018 1531 3073 ad
1556 3019 1659 3075 lucum
1684 3023 1811 3104 componi
1828 3021 1913 3078 selant

245 3108 318 3149 vere
338 3105 438 3164 preces
457 3093 485 3145 et
508 3084 642 3161 genirinre
664 3085 766 3143 oblatae
791 3088 881 3144 luisse
900 3090 1069 3159 creduntur,
1124 3090 1294 3163 huiusmodi
1310 3089 1399 3172 tituli,
1416 3095 1448 3144 ut
1462 3093 1553 3146 testes
1568 3096 1639 3147 sunt
1655 3092 1912 3167 lsidorrpseudo-epi-

245 3178 334 3236 quam
350 3161 412 3218 aliae
440 3158 517 3215 mala
531 3162 593 3215 arte
607 3157 809 3215 existimentur
824 3160 954 3216 centlcta
967 3162 981 3216 i
995 3179 1064 3218 cum
1083 3188 1105 3254 C
1124 3162 1220 3228 stelae;
1231 3159 1912 3237 cujusmoditituleslaudatusscriptornennuel

243 3233 317 3290 nibil
331 3234 436 3300 obstet,
460 3230 510 3287 scd
535 3234 648 3286 constet
671 3246 687 3285 e
712 3236 813 3287 contra
837 3231 872 3288 de
895 3231 950 3287 hoc
964 3234 1066 3289 eodem
1123 3233 1259 3308 genuinis
1273 3233 1359 3288 ctiam
1376 3230 1509 3304 epistolis
1523 3248 1558 3289 ex
1573 3233 1652 3292 malo
1672 3236 1790 3293 consilio
1803 3236 1912 3310 ascriptos

243 3308 416 3379 argumente
427 3300 609 3359 aGallieanis
619 3301 764 3385 episcopis
775 3302 858 3358 datas
868 3319 932 3359 esse
942 3304 978 3359 ad
994 3305 1068 3360 Leo·
1122 3305 1301 3378 comprobat

243 3394 310 3433 nem
324 3375 473 3460 epistolas.
489 3375 532 3429 An
548 3372 662 3429 seculis
676 3373 769 3429 taceae
784 3379 813 3429 et
826 3375 1001 3447 Symmacho
1019 3392 1068 3448 po·
1157 3382 1184 3431 2.
1201 3378 1265 3431 Sine
1278 3374 1389 3431 conante
1401 3382 1427 3429 ct
1441 3374 1495 3443 ilie,
1510 3374 1616 3447 inquit,
1633 3386 1750 3450 apparet
1766 3381 1876 3450 scriptun
1888 3377 1912 3432 il·

243 3449 415 3504 steriorrbus
426 3446 441 3500 ‘i
454 3444 562 3501 Verum
578 3449 643 3517 post
653 3444 807 3516 utriusque
819 3444 907 3517 hujus
939 3446 1068 3503 ontificis
1123 3448 1190 3511 lad,·
1201 3462 1263 3519 aaa
1276 3447 1330 3502 duo
1342 3446 1459 3518 publicis
1471 3451 1658 3504 matutinatis
1672 3452 1850 3506 auctoritatae
1867 3451 1913 3504 rin·

243 3521 369 3585 decreta,
385 3533 512 3600 quorum
523 3515 696 3571 auctoritate
708 3516 859 3571 attributis
869 3464 1031 3573 alciasensi
1041 3522 1070 3574 et
1122 3519 1224 3575 danari.
1240 3519 1274 3574 tat
1284 3518 1338 3573 hoc
1349 3520 1456 3590 pariter
1467 3518 1562 3591 magis
1572 3519 1704 3591 epistolae
1715 3521 1839 3576 conivent
1847 3534 1911 3592 quam

242 3590 400 3647 Viennensi
422 3588 510 3644 certis
534 3585 681 3653 Ecclesiis,
707 3591 768 3642 tota
789 3587 848 3642 hee
872 3589 1070 3645 controversie
1123 3589 1248 3663 supplici
1266 3587 1375 3644 libello.
1397 3588 1506 3643 Deinde
1534 3595 1575 3644 tet
1598 3597 1671 3647 saint
1692 3592 1849 3647 indubitate
1864 3591 1912 3645 lide

242 3661 406 3733 composita
419 3662 474 3725 est,
489 3674 651 3730 numquam
668 3657 844 3714 Arelatensis
860 3659 913 3713 sibi
931 3675 1068 3733 arrogare
1123 3660 1349 3717 monamcnlain
1360 3658 1648 3731 quibuslrujnsmodi
1660 3662 1912 3720 consuetudinidere

242 3732 364 3789 mutavit
378 3731 468 3788 trium
483 3729 599 3785 illarum
616 3728 829 3802 provinciarum
843 3730 1067 3799 ordinationem,
1122 3738 1224 3805 gaturn
1241 3736 1294 3797 est,
1311 3737 1344 3786 ut
1359 3746 1393 3785 an
1407 3729 1487 3786 illius
1502 3731 1663 3790 omissione
1686 3734 1758 3790 nihil
1772 3734 1834 3790 certi
1846 3732 1910 3788 statui

264 3820 368 3859 uarum
384 3800 502 3859 libellus
517 3800 695 3856 mentionem
708 3801 785 3870 iacit,
798 3800 955 3857 utomnino
966 3818 1068 3875 super·
1124 3809 1220 3877 queat.
1237 3803 1295 3858 llac
1311 3802 1353 3858 uti
1370 3802 1641 3859 annotationeiuter
1649 3805 1797 3879 episcopos
1805 3802 1911 3860 Romanis

243 3821 336 3932 fluum
350 3873 497 3930 videretur
511 3888 610 3944 preces
626 3871 750 3927 condere
765 3871 838 3926 nulli
854 3874 921 3929 usui
938 3873 1069 3945 protatu-
1123 3874 1265 3931 familiare
1282 3876 1375 3945 magis
1391 3877 1462 3937 crat,
1478 3891 1566 3945 quam
1583 3875 1710 3933 aliarum
1722 3877 1880 3950 regionume
1895 3873 1910 3927 i·

244 3963 302 4002 ras.
319 3946 349 4002 Si
371 3962 435 4018 que
458 3943 537 3999 enim
560 3942 685 4024 posthae
710 3949 795 3998 mota
819 3950 888 3999 sunt
911 3944 978 3999 rixae
994 3944 1070 4000 inter
1123 3946 1229 4019 scopis.
1246 3945 1299 4000 Vix
1315 3943 1393 4000 enirn
1411 3943 1438 3998 in
1456 3944 1659 4012 Orientalium,
1676 3892 1910 4010 Africanorumii·

244 4021 403 4089 utrumque
417 4014 500 4071 illum
521 4030 701 4095 episcopum.
729 4013 795 4070 inde
818 4019 890 4070 natae
906 4020 976 4070 saint
1011 4016 1067 4072 uod
1123 4033 1294 4090 spanorum,
1310 4014 1449 4071 italorum
1464 4020 1493 4071 et
1512 4015 1728 4074 Gallicanorum
1744 4020 1910 4100 episcoporum

243 4088 383 4146 alteruter
397 4102 447 4143 eas
461 4084 603 4141 Ecclesiae
617 4084 770 4140 riri‘adcbat
780 4102 853 4168 quas
865 4087 968 4142 tate
983 4032 1068 4143 iiiicri
1122 4086 1783 4163 epistolistalisusquamlermulaconspicitur.
1793 4087 1908 4152 Ubicnim,

243 4159 392 4218 sub'ectas
405 4173 469 4215 esse
489 4156 677 4212 decreverant
700 4172 809 4211 summi
834 4158 987 4228 pontifices
1002 4174 1069 4214 mox
1123 4159 1393 4215 neaLeenisatate
1404 4158 1585 4228 recedamus,
1597 4159 1648 4216 ubi
1661 4161 1816 4217 consularis
1827 4156 1907 4215 nonin

243 4175 388 4310 laniati..
648 4297 654 4307 ι
853 4296 859 4310 ,
1047 4300 1053 4311 ι
1123 4229 1909 4354 epistolisAirgustiniAfricani,FlavianiConatautinopo·

279 4302 306 4359 i.
323 4301 400 4358 Nihil
417 4300 476 4356 tere
491 4302 551 4354 tote
566 4296 621 4353 hoc
635 4295 734 4353 libello
749 4301 875 4352 occurrit
900 4298 977 4370 quod
993 4303 1069 4354 anti·
1124 4300 1525 4363 litantambrnsneraasebn
1544 4301 1875 4372 Mediolanensium,Pasc
1891 4314 1911 4352 a·

264 4375 384 4430 uitatem
400 4388 457 4427 non
473 4368 611 4434 redoleat,
627 4367 708 4424 illius
726 4368 778 4423 arvi
793 4374 821 4424 st
842 4369 914 4434 lum,
929 4370 1068 4442 quietio
1123 4373 1178 4429 sini
1200 4371 1300 4440 Sicuti,
1327 4370 1446 4427 Proterii
1469 4371 1668 4443 Alexandrini,
1693 4375 1803 4440 Caretii,
1828 4366 1909 4433 atoni,

243 4386 1070 4517 aenisepistolisetinaliiscemaisGailiaenostramo·
1124 4444 1297 4516 Vrraniqne,
1319 4441 1551 4514 inqnealiornm
1577 4444 1734 4519 plusquam
1773 4442 1910 4517 uadraginta

242 4516 393 4573 numeratis
407 4515 518 4587 passim
530 4516 701 4595 usurpatur,
713 4515 746 4566 ut
756 4515 825 4566 sunt
838 4527 922 4567 voees
935 4514 1068 4583 apostola·
1085 4552 1107 4618 D
1122 4514 1272 4571 Gallorum
1289 4514 1428 4596 synodica
1440 4515 1477 4569 ad
1493 4515 1560 4569 Leor
1571 4532 1616 4570 em
1630 4465 1773 4591 epistelai

243 4591 296 4652 tna,
313 4603 449 4641 summam
477 4584 666 4645 carentonam.
689 4591 714 4639 et
735 4599 872 4637 seminam
897 4585 1069 4655 pontificiam
1157 4587 1184 4641 3.
1201 4585 1286 4651 ΝΝυἸ,
1303 4584 1409 4656 inquit,
1432 4586 1462 4640 in
1482 4586 1531 4641 lroc
1551 4587 1644 4642 libello
1658 4588 1856 4661 deprehanditur
1872 4594 1909 4653 aet

243 4656 363 4711 cuilibet
370 4656 505 4727 episcope
514 4656 699 4721 attributum,
709 4658 741 4709 ut
750 4654 756 4707 i
760 4671 812 4736 pse
822 4654 877 4710 Leo
887 4654 1068 4711 habetinitiu
1121 4659 1206 4712 Lcerri
1217 4660 1403 4728 potiusquam
1417 4657 1559 4713 [laeetania
1573 4660 1614 4713 acl
1628 4660 1787 4741 Symmacho
1799 4667 1908 4724 anaua-

242 4724 372 4798 epistelae
386 4728 422 4781 57
433 4726 517 4795 (tratre
532 4727 577 4793 a)
592 4726 627 4781 ad
640 4726 838 4794 ltarennium;
855 4742 953 4782 corona
967 4731 1068 4795 aestro,
1122 4733 1176 4784 tar.
1186 4732 1280 4783 inimo
1290 4744 1355 4782 vere
1365 4727 1642 4800 plurasuntquibus
1651 4733 1679 4786 rd
1690 4727 1906 4803 deprehendatur,

243 4797 322 4869 quod
335 4801 365 4852 et
378 4800 437 4850 tres
452 4794 595 4851 Gallicani
610 4796 768 4865 antistites,
780 4797 918 4861 ceretius,
931 4797 1069 4855 Salonius
1122 4799 1183 4855 hare
1199 4798 1347 4854 videlicet:
1373 4798 1578 4855 Ouliantioncm
1603 4817 1658 4872 aaa
1682 4810 1788 4858 sanetas
1811 4793 1908 4871 protect

242 4874 273 4925 et
286 4867 418 4923 Veranus
432 4866 461 4920 in
478 4882 533 4921 sua
547 4867 582 4920 ad
606 4866 731 4922 leonem
755 4867 878 4939 epistola
893 4873 1066 4938 assumunt;
1122 4873 1289 4942 eoepiscopus
1310 4874 1402 4925 nester
1416 4870 1571 4926 aeramnae
1587 4874 1615 4926 ia
1636 4874 1746 4929 cetina
1764 4864 1907 4937 urerent

242 4939 365 4997 secedas
377 4954 430 5011 pre
443 4936 579 5009 episeopo
594 4937 721 5008 ubique,
737 4940 990 4995 niietorttateseedie
1002 4957 1067 5012 opo·
1122 4945 1267 4996 transitum
1284 4941 1370 4996 brutia
1385 4940 1579 4998 recordationis
1595 4944 1697 4999 liilerii
1704 4944 1907 5017 menapiorum

242 5012 348 5069 stolicae
362 5027 415 5084 pre
429 5006 567 5076 decretis3
595 5023 665 5078 apen
686 5019 788 5065 enarer
803 5011 949 5077 alipiir'tatia
959 5030 969 5073 ,·
993 5012 1066 5066 erai-
1121 5013 1252 5067 aruritae
1265 5014 1386 5067 ornniiaa
1403 5017 1470 5067 aulas
1485 5013 1519 5067 ai
1541 5030 1678 5069 rammam
1691 5016 1856 5087 pontificiam,
1867 5007 1906 5084 ⁰⁰?

243 5082 531 5153 nandipaitificiam;
545 5079 691 5150 primatus,
706 5083 1065 5154 prometropoliticojnre3
1122 5087 1196 5139 aritio
1211 5084 1332 5158 surreie,
1353 5092 1493 5154 prouectas
1511 5089 1560 5150 cst,
1583 5086 1679 5141 anissis¹
1693 5089 1814 5143 centiam
1833 5082 1906 5154 littatt

240 5160 374 5228 potestate
387 5169 439 5226 pro
455 5150 677 5221 magistratibus
690 5166 696 5213 ;
710 5158 838 5220 potestate
844 5156 957 5223 propriu
991 5156 1067 5210 aba·
1121 5156 1286 5227 apostolatui
1300 5158 1385 5210 restro
1398 5155 1698 5213 indicorecurauimus.
1714 5149 1905 5226 antenotata·

242 5243 319 5293 aare,
335 5225 384 5281 aab
398 5225 474 5281 omni
486 5222 666 5279 ecclesiastica
679 5222 773 5291 reperta
784 5225 959 5290 contineres
987 5241 1068 5280 auam
1122 5226 1216 5282 tudine
1229 5233 1318 5282 uenae
1331 5229 1409 5281 tenta
1423 5226 1581 5297 alienatione
1594 5231 1619 5283 el
1635 5228 1764 5285 claritate
1779 5227 1851 5298 [aaa
1865 5232 1905 5273 itt·
1982 5224 1983 5245 ¹

240 5298 412 5371 pontificiam
425 5309 561 5351 reuocare.
587 5293 642 5348 Sed
663 5296 692 5347 et
713 5297 792 5348 tetus
812 5293 951 5351 orationis
971 5300 1068 5351 textus
1118 5314 1245 5369 peresam,
1264 5299 1410 5353 immensae
1424 5300 1531 5366 pretias
1545 5301 1662 5371 opimas.
1673 5301 1707 5355 Et
1715 5302 1819 5372 postea:
1833 5293 1905 5349 liottttt

242 5369 394 5442 antiquam
409 5383 473 5423 eam
491 5371 520 5422 ct
534 5363 691 5438 genuinam
708 5380 772 5419 esse
794 5362 948 5444 clamatae
963 5368 1068 5423 suadet
1122 5370 1185 5424 licet
1197 5369 1273 5424 nolis
1287 5369 1414 5440 antcjom
1424 5370 1519 5441 (uerit,
1528 5370 1691 5442 pradictum
1698 5364 1905 5443 arctamenta

241 5439 334 5511 cuivis
349 5438 491 5494 attentius
503 5453 536 5493 ac
547 5435 674 5509 seposito
686 5434 765 5490 omni
777 5438 885 5491 mentis
897 5437 1067 5508 praejudicio
1120 5444 1146 5495 et
1154 5440 1340 5511 coepiscopum
1347 5447 1470 5496 ireseum
1476 5443 1596 5498 manaae
1602 5457 1709 5500 corona
1717 5440 1904 5507 astrapaea

240 5509 411 5633 perlepenti.
1121 5527 1229 5566 niornrn
1254 5526 1365 5566 suoram
1383 5512 1589 5567 amaraetadine
1602 5522 1628 5569 ct
1641 5515 1780 5570 sanctitate
1792 5504 1903 5566 nerana

240 5608 243 5615 ν
275 5582 303 5634 5,
346 5579 466 5635 onnnlla
481 5577 632 5635 suntinea
647 5576 770 5649 epistola
785 5594 848 5649 qua
864 5577 1067 5635 reconditioris
1122 5582 1233 5648 babis,
1249 5581 1381 5653 inquam,
1397 5582 1706 5640 manifestumestuni
1731 5581 1809 5640 Leoni
1830 5576 1903 5633 nostri

241 5655 313 5704 sunt
322 5649 494 5705 eruditionis
506 5666 593 5721 quani
604 5654 636 5704 ut
647 5648 799 5705 adectulis
812 5664 844 5703 ac
857 5650 1067 5707 recentioribus
1121 5652 1216 5709 offerri
1233 5653 1362 5725 potuisse
1376 5651 1507 5709 libellum
1527 5654 1605 5711 hunc
1620 5654 1783 5729 supplicem.
1798 5648 1848 5706 Sub
1861 5654 1902 5725 qut

241 5718 452 5787 impostoribus
463 5721 595 5775 traudem
603 5720 815 5776 meditantibus
826 5720 960 5805 usurpari
970 5726 1068 5794 potue·
1122 5725 1199 5780 enim
1216 5726 1346 5780 Romano
1362 5718 1902 5796 pontianaetbitariusamtataeecsatt,

241 5788 311 5844 rint
335 5786 404 5841 'lale
425 5793 468 5842 est
493 5791 570 5859 qued
595 5790 655 5847 ait:
672 5791 811 5849 Ostentare
835 5792 919 5848 avolant
943 5794 1068 5862 ineipnia
1120 5796 1191 5867 vita,
1206 5801 1234 5852 et
1250 5795 1415 5851 Ravennius
1430 5795 1582 5854 ordinatus
1597 5798 1676 5855 estin
1691 5797 1751 5869 ejus
1762 5795 1901 5865 locutam!l

242 5857 396 5940 cantata,
411 5860 578 5919 namnam
591 5865 708 5943 serapii
723 5872 749 5925 et
763 5863 846 5938 dedit,
862 5865 898 5925 de
917 5881 975 5945 quo
990 5864 1066 5925 inle-
1121 5868 1176 5927 sub
1197 5867 1291 5927 Leone
1306 5865 1339 5925 tt
1359 5867 1421 5945 Cui,
1435 5866 1494 5930 nisi
1520 5869 1619 5945 Leoni,
1640 5869 1726 5961 huus
1745 5858 1900 5929 amantem·
