4050 6175
134 316 212 380 llil

132 527 222 590 siam,
239 541 302 595 que
318 524 468 580 occasione
482 525 583 581 iliterii
601 535 680 582 11111111
709 530 801 583 l'uerat
816 530 850 583 dc
879 530 957 582 sedis

131 594 312 652 Arelatensis
327 595 482 661 limitibus,
495 601 693 655 eteanrnbrem
704 598 854 671 culpatum
867 599 958 654 luisse

132 666 515 748 Theodorumdencglecto
525 670 757 741 metropolitano,
770 670 839 742 quia
849 670 960 743 episeo-

132 755 191 812 pus
205 741 364 811 Aquensis,
380 755 431 810 qui
446 740 755 798 exLeonisdecretoea
769 741 960 814 dignitateuti

133 810 288 875 debueret,
305 808 484 867 aTbeodoro
497 828 555 868 non
564 812 663 868 baberi
673 811 827 869 videbatur
837 830 889 886 pro
901 829 961 869 me-

130 887 178 941 tro
200 881 319 938 olitano.

148 984 151 989 ·
195 957 226 1008 ot
241 969 326 1026 porro
342 953 961 1025 tantiquemomenticonstitutionibus'hee

133 1023 409 1098 quantulacumque
424 1024 546 1098 epistola
560 1026 709 1095 exuberat,
723 1031 766 1084 tot
780 1027 907 1099 antique
922 1025 963 1081 di·

133 1094 267 1170 seipline
283 1094 499 1152 observationes
509 1097 634 1161 exbibet.
651 1103 683 1153 ut
694 1099 787 1154 multa
802 1103 900 1154 essent
915 1097 962 1154 hic

132 1167 315 1231 annotanda,
333 1165 389 1221 nisi
406 1184 505 1222 omnin
520 1169 642 1226 haberes
656 1171 732 1243 apud
757 1170 961 1225 doctissimum

131 1242 278 1297 loannem
296 1239 452 1306 Morinum,
470 1245 530 1296 toto
545 1238 595 1296 illo
611 1242 828 1314 deperitentie
839 1241 963 1297 admini-

132 1310 278 1368 stratione
294 1309 621 1368 immensaeeruditionis
634 1313 854 1383 commentario,
866 1313 962 1368 obser-

132 1388 216 1449 vata,
232 1382 961 1455 discussamtotiusantiquitatisillustratamonu-

133 1454 257 1511 mentis.
272 1453 373 1525 Spicas
387 1457 485 1508 tamen
513 1461 578 1526 posi
592 1472 719 1511 messem
747 1455 883 1527 colligere
902 1471 960 1510 non

131 1524 259 1600 pigebit,
275 1533 307 1580 ut
321 1522 462 1580 nonnulla
473 1526 508 1581 ad
525 1525 641 1582 illorum
652 1527 903 1587 confirmationem
913 1526 962 1581 ed-

133 1600 254 1663 dnmns,
271 1600 301 1651 et
316 1594 413 1667 aliqua
427 1595 514 1651 etiam
530 1614 593 1670 que
609 1596 658 1653 ille
673 1598 710 1654 ad
725 1597 782 1655 alia
802 1613 962 1670 properans

134 1666 335 1741 pretermisit.
353 1672 538 1723 annotemus.

173 1737 961 1864 illudiinprimisobserraadnm,quodprimaepislole

133 1811 228 1866 verba
240 1808 329 1865 semel
345 1813 374 1863 ct
388 1809 493 1864 iterum
510 1808 658 1866 inculcant
672 1811 707 1865 de
723 1817 854 1882 metropo
868 1811 961 1866 itanc-

131 1899 204 1938 rum
217 1880 431 1953 episcoporum,
448 1897 522 1951 quos
532 1881 673 1953 primates
687 1882 823 1956 appellat,
836 1882 961 1939 auctori·

133 1960 207 2020 tate,
224 1967 357 2077 quospue
373 1951 401 2006 in
418 1952 554 2009 omnibus
562 1952 766 2010 ecclesiasticis
774 1955 881 2020 causis,
894 1970 961 2009 cum

134 2040 213 2097 opus
228 2027 304 2094 esta
324 2022 436 2077 euudcs
451 2039 515 2078 esse
529 2024 703 2089 deremitat
714 2025 785 2081 nihil
801 2025 890 2081 etiam
900 2025 963 2080 sine

133 2094 314 2170 primatibus
328 2095 498 2166 oporteatad
515 2096 962 2152 sanciesedisnotitiameuttri-

136 2167 228 2224 bunal
246 2166 361 2234 deterri,
378 2182 413 2220 ne
428 2165 652 2224 consultationis
667 2170 784 2237 quidem
803 2185 911 2234 causu;
927 2167 963 2221 de

135 2255 198 2313 quo
213 2238 276 2293 vide
292 2237 377 2310 epist.
397 2238 429 2292 16
441 2238 476 2292 ad
492 2241 645 2310 episcopos
670 2237 782 2295 Siculos
797 2244 825 2294 et
847 2256 910 2311 que
926 2239 962 2294 ad

135 2327 205 2366 eam
221 2308 425 2365 annotavimus
441 2315 499 2364 tam
516 2311 725 2367 exlnnoceutio
739 2313 845 2383 tquam
857 2326 962 2367 ercan.

133 2384 156 2437 5
169 2379 286 2437 concilii
300 2380 537 2437 Tarraconensis.

165 2456 202 2508 ’2,
219 2452 273 2508 Per
287 2450 347 2507 hec
362 2451 459 2507 verbe:
476 2453 547 2521 Quid
562 2452 801 2526 dependentium
819 2460 892 2508 stratu
918 2467 963 2506 ee-

136 2525 294 2581 clesiastico
308 2524 406 2579 babeat
419 2524 514 2592 reputa
528 2541 584 2580 non
598 2527 700 2590 lisceto,
715 2525 904 2580 nranilestum
920 2526 965 2578 est

135 2595 213 2652 nihil
231 2593 296 2651 novi
312 2593 449 2650 inducere
464 2594 586 2651 leonem
607 2594 735 2653 voluisse
748 2596 778 2651 in
803 2594 964 2666 discipline

135 2665 505 2741 penitentialispraximct
515 2668 738 2737 obserentem,
755 2667 805 2723 sed
822 2665 964 2723 omniaex

137 2754 287 2794 canonum
304 2736 414 2810 regulis
430 2742 480 2791 aut
496 2755 549 2793 usu
567 2738 700 2795 Ecclesiae
715 2755 775 2794 sue
791 2737 962 2810 repetiisse:

136 2810 201 2866 bec
215 2810 293 2865 enim
311 2808 962 2882 duosignitrcariex'stimopereeclesiasticam,

134 2898 228 2955 quarn
245 2886 464 2947 commemorat,
479 2880 613 2950 repulsae
630 2899 697 2937 cum
714 2880 853 2937 niinnulla
864 2879 964 2936 sintin

135 2954 194 3009 hac
209 2951 405 3026 epistolaque
419 2952 465 3005 vix
481 2951 644 3024 alibiquam
661 2952 964 3008 inlirelcsiallomana

137 3033 211 3080 tunc
227 3024 367 3096 temporis
381 3023 408 3077 in
426 3040 480 3077 usu
496 3028 603 3078 essent.
621 3024 727 3079 Deinde
758 3032 814 3080 atet
830 3024 964 3080 etiamen

136 3096 242 3153 omnis
276 3042 963 3168 uaetotaepistoladissrrunturarieospertinere

138 3168 192 3242 qui
208 3112 324 3249 pubhee
333 3167 531 3239 penitentiam
539 3168 672 3239 egebant,
684 3174 715 3222 ut
727 3184 762 3222 ex
772 3167 962 3239 sequentibus

136 3239 238 3295 verbis
253 3238 355 3304 probat
371 3238 502 3293 Morinos
517 3239 596 3294 citati
612 3239 708 3311 operis
723 3238 773 3294 lib.
789 3257 816 3305 v,
837 3255 900 3311 cap.
919 3238 962 3302 10,

138 3325 270 3386 quorum
287 3310 383 3365 1407
400 3309 816 3381 penitentiumvariasclasses
831 3312 965 3366 etstetus

138 3381 292 3440 examinat
302 3397 335 3435 ex
344 3381 443 3436 eadem
460 3381 584 3452 epistola
593 3381 612 3436 li
618 3382 644 3438 b.
656 3400 683 3449 x,
696 3400 759 3454 cap.
771 3383 786 3437 1
801 3386 828 3437 et
844 3397 966 3453 sequen·

140 3455 235 3518 tibus,
252 3452 301 3507 ubi
317 3451 352 3507 de
368 3451 543 3524 penitentie
558 3453 671 3508 actione
684 3457 713 3509 et
733 3452 965 3509 reconciliatione

139 3524 244 3582 stetim
261 3522 410 3579 morituris
426 3522 709 3595 impertienda‚etdc
723 3525 770 3580 his
781 3524 831 3597 qui
847 3531 914 3578 ante
925 3538 966 3578 re·

139 3594 377 3654 conciliationem
392 3611 407 3649 e
421 3593 480 3650 vita
494 3600 608 3662 exerrat,
625 3596 741 3652 abunde
754 3595 916 3652 disseritur.

178 3669 205 3722 3.
216 3666 256 3721 De
272 3665 479 3738 hisautomqui
494 3665 616 3722 iubeam
626 3667 705 3724 assde
715 3667 965 3739 discedendopec·

140 3741 258 3805 carnut,
275 3737 351 3862 (prod
365 3735 471 3810 excipit
485 3737 512 3791 S.
524 3737 579 3793 Leo
592 3739 620 3793 in
635 3737 713 3795 calce
727 3738 816 3811 hujus
826 3737 967 3809 epistole,

140 3808 217 3866 satis
231 3824 263 3863 ex
298 3808 406 3864 lectum
423 3824 478 3863 non
494 3808 618 3864 videtur.
631 3809 704 3865 Cum
720 3810 796 3865 enim
808 3809 967 3865 desiniteos

140 3881 195 3954 qui
214 3881 242 3934 in
259 3825 316 3934 ihre
330 3879 394 3933 vite
404 3879 603 3951 penitentiam
613 3885 745 3953 poscunt,
757 3886 787 3937 et
796 3879 968 3953 egritudine

141 3953 209 4024 ipsa
224 3951 484 4023 oppressi‚nenutu
500 3951 618 4022 quidem
632 3952 797 4025 significare
811 3950 967 4007 valentsub

140 4022 300 4098 presentia
314 4021 472 4077 sacerdotis
488 4022 565 4093 quod
578 4021 664 4147 paule
679 4023 921 4096 anteposecbant,
932 4021 971 4077 si·

142 4092 456 4218 miilctpenitentieet
468 4092 578 4148 reconci
595 4094 968 4151 talionisbeuesseiumcon-

142 4164 230 4235 ,neorii
268 4165 361 4225 chere.
378 4164 554 4219 testimoniis
568 4164 821 4222 circumstantium
839 4165 969 4222 fidelium

144 4236 258 4292 intirmi
274 4249 371 4289 vocem
387 4242 417 4291 et
437 4241 540 4290 autum
566 4236 781 4310 supplentibus,
806 4237 867 4292 hec
890 4236 972 4292 addit

144 4308 246 4364 verba:
270 4306 381 4362 Servata
410 4308 608 4375 tcmmrcpaln
634 4326 770 4364 enumerem
794 4319 972 4380 paternorum

144 4381 224 4436 eirea
233 4379 660 4450 eorampersonosqaiinlleumo
676 4380 730 4451 title
743 4379 905 4435 discedendo
910 4395 970 4450 pee-

144 4457 256 4506 eornm.
273 4449 623 4531 Qtienam,inquam‚hmo
635 4450 733 4524 regula
750 4451 892 4522 sit‚qusnr
903 4465 972 4575 erpa

146 4520 497 4592 istosobserrariemgit,
525 4521 654 4577 dubitari
677 4522 780 4578 merito
808 4523 911 4593 potest.
957 4535 972 4575 ο

147 4592 279 4666 primum
295 4591 413 4663 qiridem
430 4596 561 4647 constare
577 4593 691 4648 videtur
705 4594 740 4648 de
757 4592 802 4649 bis
816 4592 862 4665 agi
876 4592 925 4662 qui
943 4591 972 4646 in
990 4577 1011 4641 D

388 310 525 382 sassa.
549 316 769 394 oussnstm
791 320 908 385 norm
929 317 968 384 m
992 316 1202 385 surerenas
1224 321 1257 384 s.
1280 314 1420 385 aeonis
1441 308 1581 388 meni.

133 455 307 525 praesentem
325 456 393 507 tune
408 453 507 509 aninlo
522 453 604 510 illum
628 455 767 511 habuisse
790 462 955 511 contmroi-
974 462 996 525 Α
1014 455 1101 509 trihus
1116 470 1272 510 commune
1287 471 1347 510 sem

1756 303 1837 386 m..

1015 527 1201 593 eiliabantur,
1218 526 1340 582 euenisse
1351 455 1835 600 &bestiib'sbtgghffigbbabtbwcbffie

1016 597 1470 665 munionisreverentiam‚edreli
1492 594 1838 673 uumimplendumoblt·

1016 670 1256 743 gemmascere
1270 669 1305 724 ad
1321 669 1397 725 hene
1420 614 1604 726 enobandem
1633 667 1836 727 difficultatem

1015 742 1062 796 vix
1077 740 1176 814 aliqua
1191 745 1270 813 patet
1279 741 1390 796 vianisi
1404 739 1460 798 hoe
1473 740 1599 797 velimus
1608 739 1714 808 dicere,
1725 738 1768 797 sio
1777 754 1839 795 om·

1016 813 1104 869 nibus
1118 812 1320 884 peecatoribus
1335 812 1366 867 in
1381 811 1583 869 extremovite
1590 809 1723 895 periculo
1733 809 1839 867 consti·

1014 881 1838 965 tutispenitentieactionemetrsecncihstionisgretiam

1016 956 1133 1011 concedi
1148 955 1285 1023 voluisse,
1301 955 1417 1011 etiamsi
1432 957 1542 1011 amisso
1552 955 1629 1011 vocis
1643 954 1838 1027 olilcmetop-

1017 1027 1161 1098 primente
1176 1026 1277 1081 morbo
1292 1025 1366 1081 nihil
1382 1026 1418 1083 de
1433 1043 1487 1082 suo
1506 1024 1650 1082 desiderio
1673 1024 1840 1099 significare

1016 1097 1139 1166 valeant,
1157 1099 1243 1154 modo
1258 1097 1454 1171 significatum
1470 1101 1555 1154 antea
1579 1095 1670 1154 luisse
1696 1099 1842 1155 testentur

1016 1169 1076 1237 atii;
1093 1175 1241 1242 apostatas
1257 1185 1324 1224 vero
1339 1168 1418 1225 solos
1428 1169 1524 1224 lorsen
1535 1170 1571 1225 ab
1587 1168 1642 1225 hec
1655 1167 1841 1242 indulgentis

1016 1242 1052 1296 ab
1067 1258 1100 1297 eo
1115 1247 1259 1313 exceptos,
1275 1240 1316 1296 ita
1331 1243 1363 1295 ut
1378 1238 1577 1313 penitentiam
1594 1239 1715 1311 quidem
1728 1239 1839 1314 accipe·

1016 1318 1091 1377 rent,
1107 1314 1156 1369 scd
1173 1311 1389 1368 communionis
1400 1311 1560 1383 gratianos
1575 1311 1841 1384 fruerentur,prout

1016 1384 1137 1457 antiqua
1153 1379 1840 1454 etseveriorioanonumdisciplineconstitutum

1016 1456 1118 1511 luerat.
1133 1454 1350 1511 Celebrisenim
1366 1456 1411 1509 est
1427 1452 1649 1509 ultinrnscanon
1660 1451 1840 1515 Arelatensis

1016 1527 1131 1582 concilii
1143 1528 1163 1582 l:
1180 1527 1217 1581 De
1232 1525 1273 1582 tis
1287 1526 1334 1596 qai
1346 1528 1508 1597 apostatant,
1517 1523 1841 1597 etnampacmeeadlic·

1014 1600 1126 1654 eleatem
1139 1599 1344 1670 representaret,
1360 1612 1394 1652 ne
1407 1595 1517 1667 quidem
1542 1598 1732 1668 penitentiam
1758 1608 1841 1665 opere

1016 1673 1151 1741 preerunt,
1167 1678 1193 1726 et
1205 1670 1298 1742 posteo
1308 1668 1471 1741 infirmitate
1481 1668 1600 1739 correpti
1610 1674 1709 1740 petent
1723 1682 1843 1723 commc-

1015 1744 1137 1812 nionem,
1164 1742 1268 1813 picenti
1295 1741 1334 1796 eia
1368 1755 1426 1796 non
1452 1738 1574 1795 dcimam
1611 1739 1840 1804 commonionem,

976 1834 1000 1899 B
1019 1813 1119 1869 1498
1133 1813 1190 1867 nisi
1203 1813 1370 1868 revaluerint
1384 1817 1410 1867 et
1423 1809 1747 1894 eperimdipamtmetm
1753 1810 1843 1882 persi·

1016 1886 1118 1941 lentie.
1133 1884 1206 1939 lluic
1220 1901 1305 1966 porro
1319 1881 1430 1939 duriori
1440 1880 1601 1956 discipline
1611 1897 1670 1940 non
1680 1882 1737 1938 nisi
1748 1879 1844 1938 serius

1016 1956 1172 2028 derogasse
1188 1954 1261 2010 mihi
1280 1955 1418 2010 videntur
1445 1953 1589 2011 Gallicani
1617 1953 1843 2028 episcopabunt

1016 2026 1094 2083 enim
1111 2026 1209 2099 plures
1224 2025 1417 2098 posteriorum
1432 2025 1610 2098 synodorum
1635 2040 1762 2081 canones
1783 2023 1843 2080 cxi·

1018 2099 1107 2161 stant,
1123 2097 1232 2170 quibus
1244 2096 1280 2151 de
1294 2096 1359 2151 aliis
1370 2099 1556 2169 peecatorum
1571 2095 1738 2169 generibus,
1751 2094 1802 2167 qai
1812 2092 1843 2150 ln

1018 2174 1146 2226 extremo
1163 2168 1226 2223 vhe
1240 2166 1369 2240 periculo
1380 2166 1493 2223 veniam
1500 2169 1613 2240 petunt,
1622 2165 1732 2239 aliquid
1740 2164 1843 2221 mitius

1018 2240 1334 2311 statuiturmnmquem
1349 2238 1386 2294 de
1397 2237 1668 2311 apostatisjamjsm
1680 2233 1844 2306 morituris,

1018 2311 1098 2368 omni
1113 2316 1142 2367 et
1156 2310 1234 2366 vocis
1245 2316 1273 2366 et
1287 2309 1394 2365 mentis
1408 2313 1437 2365 et
1458 2325 1565 2366 sensus
1590 2308 1686 2366 cilicio
1705 2304 1843 2391 privatis,

1018 2381 1068 2456 qui
1082 2386 1168 2438 antea
1181 2379 1732 2506 penitentiampoposcerintdubitetro
1741 2375 1802 2436 nlla
1811 2376 1843 2434 in

1018 2453 1147 2510 aredium
1163 2471 1180 2509 a
1194 2452 1252 2509 lata
1266 2468 1329 2508 esse
1345 2450 1535 2526 dignoscitur:
1552 2451 1696 2507 utmerito
1706 2448 1844 2506 credendi

1019 2526 1079 2581 sint
1093 2524 1234 2581 Gallicani
1247 2523 1351 2579 sallem
1367 2523 1514 2580 antistites
1529 2521 1603 2578 hanc
1618 2522 1751 2579 eamdem
1766 2521 1845 2579 circs

1018 2613 1067 2653 eos
1082 2594 1266 2668 disciplinam
1282 2610 1398 2668 semper
1410 2595 1590 2659 observasse,
1607 2598 1708 2666 utpote
1722 2590 1845 2650 Gallica·

1019 2684 1123 2724 norum
1138 2663 1606 2729 canonumretinentissimi.0nod
1615 2664 1684 2721 inde
1698 2662 1845 2721 etiamad·

1019 2741 1140 2796 modum
1156 2738 1292 2795 credibile
1308 2736 1448 2803 redditur,
1461 2736 1538 2809 quod
1555 2734 1766 2818 frequentiores
1775 2749 1846 2808 que·

1019 2811 1094 2879 rota,
1112 2810 1219 2882 qoilms
1234 2808 1386 2865 lacessitos
1401 2807 1527 2880 legimns
1541 2806 1641 2864 Gallie
1661 2807 1813 2881 episcopos
1829 2822 1847 2862 s

1020 2882 1159 2938 tinnianis
1175 2882 1373 2953 pontificibus,
1384 2879 1428 2935 rel
1444 2878 1686 2953 interrogationes
1698 2876 1846 2952 quibushi

1018 2952 1176 3010 Gallicanis
1188 2971 1222 3009 ea
1236 2953 1271 3008 de
1287 2970 1317 3009 re
1332 2949 1456 3009 consulti
1464 2951 1690 3021 responderunt,
1701 2952 1849 3006 testantur

1018 3024 1234 3081 Gallicanarum
1249 3024 1443 3081 Ecclesisrum
1459 3019 1654 3097 disciplinam
1669 3021 1745 3077 eirea
1759 3021 1849 3095 peni·
1934 3085 1938 3100 Ι

1018 3099 1141 3154 tentiam
1159 3098 1289 3153 llomena
1304 3096 1394 3153 titisse
1410 3094 1595 3168 rigidiorem.
1607 3093 1682 3153 Hinc
1695 3092 1862 3152 Valentinn'

1020 3163 1848 3312 {thilttrithhttlitlil{ttttttltli

1020 3310 1064 3366 vel
1077 3310 1186 3366 incesta
1196 3310 1339 3391 lavatione
1349 3305 1846 3393 pollaissent‚penitentiameorum

1020 3376 1848 3525 tttttsll'thtttlttlltitttihtdnihilh

1020 3522 1444 3666 illitteratissimis
1468 3517 1850 3664 satttttttttt

1054 3638 1059 3652 ¹
1298 3638 1305 3663 1

1022 3669 1227 3724 tricensimam
1240 3666 1373 3738 voluptati
1437 3664 1535 3731 meret,
1552 3664 1708 3720 inextreme
1722 3661 1850 3733 basciu

1020 3756 1080 3796 sure
1091 3739 1282 3810 penitentium
1295 3737 1378 3792 simet
1387 3741 1414 3792 et
1423 3735 1674 3793 reconciliationem
1684 3733 1850 3789 commame

1021 3812 1066 3867 nis
1080 3807 1469 3891 capescantNoreratprocnl
1480 3802 1850 3880 dubiollxuperiusllicenc

1023 3898 1133 3938 canone
1144 3882 1325 3936 13statutum
1335 3880 1425 3934 luisse
1439 3881 1469 3934 ut
1479 3877 1644 3950 generaliter
1653 3876 1730 3932 omni
1738 3874 1853 3931 cuilibet

1023 3957 1053 4009 in
1069 3955 1147 4008 scito
1160 3952 1245 4023 posito
1260 3958 1285 4007 ct
1297 3951 1421 4023 poscenti
1436 3951 1493 4008 sibi
1506 3948 1707 4006 communistis
1731 3946 1853 4021 pretinm

1023 4025 1267 4096 tribuiepiseopus
1280 4022 1461 4105 probabiliter
1468 4039 1504 4079 ea
1513 4022 1651 4078 oblatione
1660 4019 1726 4076 dere
1734 4018 1853 4084 deberet:

1024 4112 1077 4152 nec
1094 4093 1371 4150 aliundcdulntaadi
1387 4091 1664 4166 occasionemcepit,
1675 4088 1858 4163 quamexdi·

1024 4166 1194 4239 versspraxi
1204 4165 1354 4222 Ecolessie
1365 4164 1603 4237 (baltheumque
1616 4162 1765 4236 aliquibus
1775 4176 1864 4218 com-³

1025 4238 1196 4293 munionem
1208 4237 1237 4291 in
1253 4253 1287 4294 eo
1302 4241 1381 4294 statu
1401 4237 1505 4309 positis
1529 4236 1668 4309 negabat.
1696 4234 1751 4289 Sed
1768 4231 1809 4288 its
1823 4244 1857 4287 se

1025 4309 1153 4382 gessisse
1168 4307 1333 4364 Gallicanos
1349 4308 1503 4380 episcopos
1529 4323 1587 4362 non
1610 4305 1788 4375 conjectura,
1804 4299 1856 4357 sed

1026 4385 1103 4436 certo
1120 4379 1360 4440 assumentoacci
1384 4379 1463 4434 imus
1471 4372 1793 4455 exepistoleCelestini
1806 4387 1856 4454 pa·

1027 4469 1069 4524 pe
1085 4450 1357 4506 adViennonsisetr
1373 4446 1857 4521 arbonnensisprovinciaramepi·

1028 4539 1132 4596 scopos
1143 4539 1205 4594 cap.
1231 4525 1257 4577 2.
1271 4522 1446 4590 iteravimus,
1462 4517 1567 4592 inquit.
1586 4516 1775 4589 penitemiam
1799 4528 1860 4570 mo·

1028 4594 1163 4650 cientibus
1177 4593 1317 4663 deceptui,
1332 4608 1382 4647 nee
1396 4591 1510 4647 itteram
1528 4588 1671 4646 desideriis
1696 4585 1860 4659 11111111,ᾳοί

147 4662 256 4719 ultimo
271 4662 335 4717 vite
350 4662 520 4718 discrimine
535 4663 801 4736 positipoenitentie
812 4662 975 4720 etreconci·
1031 4666 1120 4721 obitas
1132 4665 1176 4719 stri
1189 4667 1307 4736 tempore
1319 4656 1861 4734 mraeimaemaempmmremedtomt-

148 4733 279 4790 lintionis
295 4733 611 4790 beneficiodonabantu
618 4754 640 4802 r,
655 4741 788 4808 etposlea
799 4735 977 4792 convalesce·
1031 4738 1132 4802 areniri,
1148 4739 1202 4792 etc.
1220 4735 1252 4790 ln
1267 4733 1446 4790 Arausiceno
1472 4732 1543 4789 item
1559 4750 1567 4790 1
1582 4730 1706 4790 οοοοίΙὶο
1721 4747 1770 4786 an.
1794 4729 1859 4796 lli,

150 4808 232 4862 bant:
251 4804 320 4877 quid
335 4804 468 4860 videlicet
485 4805 562 4861 cirea
579 4823 628 4862 eos
639 4807 853 4863 observandum
865 4805 978 4863 essetin
1034 4825 1097 4863 ean.
1113 4808 1140 4869 3,
1157 4812 1185 4862 ct
1199 4806 1227 4861 in
1240 4803 1399 4864 Arelatensi
1408 4821 1429 4861 11
1445 4820 1511 4860 can.
1523 4804 1698 4889 282plenum
1709 4804 1861 4859 estrecon·

150 4875 311 4951 pristinam
327 4876 523 4932 valetudinem
541 4894 680 4934 reversos.
702 4879 742 4934 De
764 4878 810 4934 bis
834 4878 913 4935 enim
930 4875 980 4949 qui
1035 4877 1208 4935 cilialoriam
1221 4875 1598 4949 manusimpositionemris
1613 4874 1663 4950 qui
1676 4874 1863 4945 acceptapoe·

153 4948 257 5004 morbo
274 4948 405 5019 oppressi
418 4947 460 5002 rel
476 4965 544 5003 voce
554 4949 597 5004 rel
609 4950 729 5005 nutibus
740 4949 941 5021 penitentiam
952 4951 982 5003 et
1036 4948 1159 5006 nitentia
1173 4948 1335 5021 decerpere
1349 4949 1526 5005 recedebant
1536 4965 1594 5005 non
1605 4962 1670 5004 esse
1680 4955 1862 5009 concessam,

153 5017 419 5075 reconciliationem
438 5019 635 5090 postulabant,
645 5026 872 5077 constatexean.
885 5021 919 5076 13
932 5019 981 5074 Ni·
1037 5037 1125 5104 qaram
1141 5025 1237 5075 tamen
1255 5019 1627 5088 Innocentius‚Gelestinus
1638 5021 1667 5073 et
1682 5016 1736 5071 Leo
1750 5013 1864 5085 imper·

156 5107 248 5148 ceno.
264 5089 334 5160 quod
347 5091 513 5160 penerotiter
527 5094 603 5146 omni
616 5093 729 5148 cuilibet
738 5095 766 5147 in
777 5095 854 5147 esita
868 5093 983 5163 positoet
1037 5092 1086 5148 tiri
1099 5090 1262 5146 voluerunt.
1278 5091 1390 5155 Quibus
1404 5091 1446 5148 its
1461 5107 1492 5148 se
1501 5088 1679 5147 habentibus
1695 5101 1753 5141 non
1767 5083 1821 5140 ebs
1832 5096 1865 5164 re

153 5163 280 5236 poscenti
292 5163 346 5216 sibi
357 5163 558 5217 cmnmonionis
569 5164 688 5233 arntiam
717 5164 814 5227 tribui,
845 5165 984 5235 episcopas
1038 5168 1083 5220 est
1097 5161 1265 5218 existimare
1281 5161 1395 5245 aliquos
1411 5163 1535 5218 Leonem
1557 5149 1864 5228 voluisseagenerals

152 5231 339 5307 probabiliter
352 5248 387 5288 erc
398 5233 536 5288 oblatione
549 5232 739 5289 deredebebit.
757 5236 799 5290 Ab
816 5233 870 5290 hoc
896 5233 986 5304 igitur
1040 5233 1178 5290 beneficio
1195 5234 1411 5290 communionis
1426 5233 1558 5305 excipere
1572 5231 1602 5286 in
1618 5227 1721 5284 mortis
1741 5222 1866 5282 articulo

157 5303 334 5378 penitentie
349 5308 378 5359 et
392 5304 638 5360 reconciliationis
654 5321 775 5360 munere
790 5323 826 5360 ne
847 5308 986 5387 apostate
1041 5305 1162 5379 positos,
1178 5310 1326 5377 apostatas
1338 5304 1481 5372 videlieet,
1498 5301 1548 5375 qui
1564 5301 1594 5357 in
1609 5298 1713 5356 iisdem
1738 5295 1865 5378 circum·-

157 5376 279 5449 quidem
296 5373 491 5458 excipiuntur.
509 5375 633 5433 Dicesne
647 5375 702 5433 hoc
712 5376 837 5448 speciale
852 5391 987 5432 crreseos
1043 5375 1160 5432 stantiis
1175 5392 1232 5431 non
1248 5379 1331 5432 erant
1344 5375 1495 5448 dequibus
1503 5370 1690 5429 Innocentius
1701 5373 1729 5427 et
1738 5366 1869 5426 Celsen·-

156 5447 206 5521 qui
225 5446 312 5501 sidem
325 5446 503 5518 abjecerant,
515 5451 661 5503 statutum
677 5446 766 5503 luisse
782 5447 869 5503 utvcl
882 5448 988 5502 iterum
1043 5464 1099 5504 nus
1115 5463 1191 5520 pape
1204 5464 1369 5504 sermonem
1384 5446 1559 5502 babuerunt.

156 5517 359 5593 penitentiam
376 5517 596 5590 acciperent,rel
611 5520 813 5591 penitentiam
824 5521 926 5576 morbo
939 5535 990 5573 ur·
1078 5519 1273 5574 confirmatur
1286 5517 1424 5574 adbncex
1438 5516 1665 5586 rationis,quam
1680 5508 1871 5568 Innocentius

160 5593 247 5664 gente
262 5588 430 5660 impositam
446 5588 568 5661 implere
584 5590 772 5663 cogerentur?
788 5591 843 5647 Sed
863 5606 915 5646 nee
928 5605 992 5644 um·
1045 5607 1122 5663 papa
1136 5588 1470 5661 attulit‚inspectione‚et
1485 5585 1714 5659 exantiquorum
1723 5596 1872 5639 canonum

159 5677 260 5735 quarn,
273 5659 573 5733 impositamorituris
584 5663 835 5743 penitentia‚post
845 5664 991 5733 receptam
1046 5660 1210 5734 disciplina:
1227 5666 1380 5734 propterea
1394 5661 1471 5716 enim
1487 5657 1668 5715 consuetudo
1682 5654 1762 5729 prior
1776 5656 1806 5712 et
1820 5651 1874 5709 du·

159 5729 359 5788 valetudinem
380 5732 486 5787 itorirm
496 5732 657 5789 eisdemest
672 5733 821 5806 imposita,
831 5732 991 5804 acesinem-
1048 5731 1107 5789 rim
1121 5733 1225 5798 tonuit,
1243 5734 1276 5787 ut
1292 5731 1393 5788 1499
1401 5729 1640 5804 penitentiaeam
1651 5727 1681 5784 in
1697 5727 1755 5783 tine
1769 5730 1875 5809 peten-

160 5802 608 5932 lareestapostatisimipositum
618 5804 792 5878 penitentie
804 5803 995 5878 publicesta·
1049 5802 1142 5871 tibus,
1158 5803 1533 5876 concederetur.negaretur
1548 5797 1875 5872 communiezquracre·

161 5875 258 5950 dium,
270 5889 338 5934 cum
353 5873 477 5936 convetu
491 5874 857 5952 ssent‚dccurrere.1mrao
871 5874 996 5939 bosom·
1049 5875 1108 5940 bra
1118 5873 1237 5936 illorum
1246 5877 1412 5962 temporum
1420 5874 1639 5962 persecutiones
1650 5866 1880 5958 plurlmcssdllq
