4050 6175
87 334 168 396 1113

343 336 483 402 Pascit.
505 334 728 412 ooasnatat
752 336 870 401 Nll'lAE
891 338 931 401 ta
954 335 1169 425 EPISEOEAS
1191 336 1223 402 S.
1246 338 1388 404 LEONIS
1410 339 1548 407 MAGNI.

1692 308 1697 317 ’
1725 320 1804 410 titt

87 470 167 524 sumi
179 468 252 523 mihi
262 469 379 525 ridetur
391 471 418 525 in
432 472 566 543 presenti
577 476 703 527 asaactn
716 472 922 527 Leone.Errim·
939 482 961 544 Α
981 474 1008 527 iil
1027 479 1081 538 ret,
1095 490 1197 528 caesana
1212 473 1443 545 detinntiactmna,
1456 478 1549 532 inruit
1561 477 1724 552 glossator:
1738 481 1805 538 Cum

979 548 1054 600 enirn
1068 548 1231 600 aeritentinrn
1241 547 1320 602 natta
1330 552 1380 613 est,
1392 564 1447 604 nen
1459 518 1536 605 delet
1549 552 1663 617 caecari,
1675 552 1805 609 redemta

979 620 1005 671 et
1021 618 1103 672 irrita
1124 617 1293 685 dennrttinri,
1309 619 1374 690 qnia
1395 621 1463 692 qaod
1477 622 1549 677 niltt't
1573 631 1612 678 est
1631 627 1736 679 cassari
1749 640 1806 679 neri

977 692 1074 759 potest,
1088 690 1114 742 et
1129 692 1223 742 omitia
1235 691 1401 745 restituenda
1421 694 1476 746 tint
1491 693 1519 746 in
1534 695 1678 764 pristinem
1693 711 1807 751 cansam

977 775 1028 884 per
1043 759 1125 814 telam
1139 762 1301 814 sententiam
1316 761 1408 817 tradita
1416 779 1426 823 ,·
1442 766 1518 832 quad
1535 770 1563 819 et
1576 782 1665 837 supra
1679 765 1807 838 postula-

87 556 157 595 rero
167 545 227 596 tam
240 556 274 596 ea
285 557 350 614 que
361 542 390 597 ia
401 543 547 614 Ephesiae
562 543 714 599 latrocinio
724 550 788 598 acta
800 548 922 611 tuerent,

91 629 181 685 quam
211 611 335 669 ultimus
363 630 457 670 canen
486 613 741 681 Chalcedonensis,
766 616 873 670 irritari
897 621 926 671 et

89 682 203 739 cassari
219 701 295 809 opus
309 700 366 739 non
383 684 540 751 habebant,
553 702 620 741 cam
636 698 664 741 ct
679 686 751 741 illud
767 686 924 741 concilium

85 755 184 811 vacari
198 771 237 809 nu
252 753 280 809 la
300 755 374 811 ratio
399 758 518 824 sineret,
533 762 566 811 ut
580 758 607 813 lo
631 757 711 812 uitur
726 758 788 830 ipss
806 758 871 823 Leo,
898 762 927 813 et

88 828 302 883 consensiones
317 826 595 883 chalcedonensium
609 775 733 885 latrum
750 831 779 884 ia
796 831 922 901 gratiam

90 896 222 954 Anatolii
234 914 267 953 eo
280 900 344 968 ipso
358 898 445 955 nullae
455 900 608 955 censenda
619 906 727 967 essent,
737 904 813 972 quod
825 906 927 955 eontra

92 971 282 1025 Nicaeaerum
292 970 412 1026 Petrum
422 970 603 1026 inviolabiles
612 972 775 1027 sanctiones
787 971 925 1026 adhibitae

91 1041 200 1097 1486
218 1043 333 1096 l'ueraat
351 1057 358 1094 :
374 1043 439 1097 Siue
462 1044 536 1097 enirn
562 1058 613 1114 per
635 1045 789 1115 pann'eres,
809 1045 865 1097 siue
877 1058 928 1114 per

87 1113 185 1184 plures
198 1113 382 1168 ecclesiactica
400 1113 509 1184 judicia
530 1114 714 1183 cetetrcntne,
730 1115 807 1168 mani
818 1117 927 1184 penitas

89 1186 259 1239 summitate
273 1188 313 1239 eat
327 1200 443 1238 rtemann
456 1184 522 1255 qnid
540 1184 757 1240 arietatorum
771 1188 855 1257 tuerit
866 1201 926 1239 cen-

88 1256 236 1310 str'tatr'ane
249 1254 399 1311 diversum.
412 1256 495 1318 Quod
511 1201 577 1310 aliis
599 1254 646 1311 his
670 1256 766 1312 verbis
791 1255 928 1328 exprimit

89 1328 119 1381 in
138 1326 242 1381 eadem
257 1326 381 1399 epistola
398 1343 405 1381 τ
422 1326 451 1380 Si
470 1326 536 1397 qrtid
551 1343 667 1398 acquam
688 1328 771 1382 (iliter
785 1343 868 1398 qnam
883 1327 928 1381 illi

88 1401 213 1453 enicem
226 1400 415 1468 praecurritur,
431 1399 491 1453 sine
509 1400 681 1453 atnctatiene
694 1403 829 1453 cassatae.
847 1398 925 1452 idem

89 1485 164 1541 ergo
180 1468 258 1541 apud
275 1468 398 1523 Leonem
414 1472 468 1533 eat,
481 1470 558 1524 amni
569 1471 680 1540 panitiae
695 1471 858 1523 anctoritate
872 1484 929 1524 cete

88 1556 221 1607 traceam,
231 1546 261 1595 et
273 1542 334 1595 sinc
344 1541 516 1595 conflatione
530 1542 649 1599 cassari:
661 1540 715 1595 boc
728 1544 782 1602 est,
796 1546 827 1595 ut
841 1538 927 1611 paulo

88 1612 171 1668 intra
182 1610 316 1683 sequitur
326 1611 361 1665 de
375 1611 588 1683 conscriptione
601 1611 929 1683 Constantinopolitanae

89 1683 252 1755 synodici
260 1685 342 1738 initio
351 1685 396 1737 ini
402 1683 595 1738 esaeccdaram
606 1683 926 1754 attritamquecollapsum.

91 1754 176 1818 Quod
194 1759 291 1810 autem
307 1754 386 1808 enini
402 1754 519 1824 penitas
544 1754 716 1808 auctoritate
730 1771 855 1808 vacuum
872 1761 926 1817 est,

92 1825 178 1899 quod
195 1825 258 1882 sine
273 1822 459 1881 cunctatione
481 1826 579 1879 statim
602 1842 634 1880 ac
655 1830 868 1897 presumptum
885 1829 930 1880 est

93 1902 246 1962 cassatur,
255 1896 332 1969 quod
345 1900 381 1951 ab
391 1895 475 1950 initio
486 1897 530 1950 sai
542 1896 747 1961 caducumest,
757 1898 929 1967 dudumque

94 1966 364 2041 collapsum,aulla
374 1966 528 2031 sententia,
538 1967 618 2022 nulla
628 1969 800 2023 auctoritate
812 1984 930 2022 necesso

94 2043 270 2096 esteassum
285 2046 313 2095 ct
327 2038 589 2104 irritumel'lici,sed
599 2039 926 2094 tantummodoirritum

93 2112 199 2167 1487
219 2117 248 2166 et
263 2126 379 2166 cassum
395 2107 536 2166 declarari
553 2126 587 2165 ac
601 2110 862 2173 contracertantes
883 2109 928 2163 bic

96 2183 170 2237 tacit
185 2188 305 2237 sanctus
322 2181 388 2244 Lea,
405 2187 436 2235 ut
451 2196 594 2236 cononum
611 2186 710 2235 cristes
726 2185 754 2235 et
768 2184 930 2250 exsecutor,

94 2256 186 2309 unica
194 2270 284 2309 secam
293 2254 329 2307 im
331 2254 477 2324 paratoria
485 2252 549 2322 fidei
555 2254 670 2322 pietate:
677 2257 762 2322 cirins
771 2252 929 2306 auctoritas

94 2326 206 2380 merito
217 2324 372 2395 pontilicis.
383 2323 564 2393 adjungitur,
579 2324 647 2394 qvia
658 2324 693 2378 de
705 2323 890 2378 exsecutione
901 2326 930 2377 et

93 2396 271 2452 defensione
292 2410 438 2449 canonum
460 2395 647 2518 antitpuarum
664 2399 692 2448 et
707 2395 742 2449 de
765 2394 929 2449 temeritate

94 2466 282 2523 novellorum
298 2465 465 2537 repellenda
477 2481 529 2535 ape
552 2471 633 2531 atar;
649 2465 770 2519 secessi
787 2464 930 2520 irritanda

96 2542 205 2606 forent,
222 2553 286 2609 que
310 2537 418 2608 aliquid
447 2543 531 2590 antea
555 2535 667 2591 roboris
691 2536 872 2591 habuissent.
889 2535 930 2589 Ne

94 2625 187 2682 porro
204 2610 280 2680 quod
296 2608 424 2663 diximus
436 2608 472 2662 de
483 2606 572 2675 hujus
582 2607 661 2662 vocis
672 2608 886 2679 significatione
896 2623 929 2660 ex

95 2680 219 2754 proprio
245 2683 346 2735 natum
374 2679 490 2749 ingenio
507 2680 647 2743 videatur,
665 2679 828 2733 monendus
851 2684 930 2732 esta

95 2753 186 2807 nobis
202 2754 292 2806 lector
305 2752 405 2805 eodem
418 2768 505 2805 sensu
518 2750 652 2822 usurpari
670 2750 697 2803 in
713 2749 847 2804 decretali
865 2765 928 2820 qrrra

95 2821 257 2879 Caelestino
272 2838 354 2905 papae
372 2822 409 2876 lll
420 2820 570 2885 tribuitur,
580 2839 605 2877 c.
619 2824 686 2876 Cnnr
699 2821 826 2885 detectas,
839 2821 882 2875 tit.
898 2820 931 2874 de

97 2896 184 2950 Elect.
199 2897 225 2949 ct
239 2893 315 2949 electi
332 2894 428 2948 Pateat.
441 2911 450 2948 ,·
464 2892 589 2962 Casina,
606 2892 634 2946 iil
649 2896 698 2956 ert,
711 2892 806 2964 inquit
820 2891 929 2964 glossa,

96 2966 212 3021 nattam
245 2966 427 3024 renuntietis:
439 2969 467 3017 et
478 2963 513 3017 ad
524 2963 697 3018 decretalem
710 2963 867 3018 laaocentii
881 2967 930 3027 tn,

96 3054 124 3095 c.
146 3038 199 3094 Arc
232 3052 289 3107 eris,
314 3037 339 3104 t,
356 3033 400 3091 tit.
420 3036 451 3093 ttt
465 3036 514 3090 lite
531 3051 585 3091 nan
601 3037 726 3090 contat:
746 3033 929 3101 Cassaeimtts,

1001 835 1031 883 at
1047 831 1082 884 ab
1098 829 1274 901 imperatore
1290 832 1347 888 Lea
1362 842 1471 897 noster,
1486 852 1551 890 cunr
1574 838 1610 890 de
1631 837 1805 910 pseudo-sy·

980 901 1057 955 aedo
1071 898 1217 970 Ephesios
1230 908 1338 975 ageret,
1350 904 1505 974 etquidem
1517 906 1707 977 sentientibus
1718 909 1807 965 etiam

981 970 1105 1040 hujusce
1120 972 1250 1043 epistole
1264 974 1361 1030 verbis
1381 977 1508 1031 ostendit
1527 977 1672 1048 duplicem
1688 979 1724 1035 ob
1739 996 1808 1035 cau-

981 1060 1045 1098 sam
1072 1059 1213 1097 curionem
1230 1048 1265 1097 28
1282 1047 1436 1116 approbari
1454 1064 1471 1100 a.
1485 1066 1516 1103 se
1536 1047 1618 1104 trullo
1644 1051 1731 1105 modo
1756 1067 1807 1123 po-

981 1114 1083 1180 tuisse,
1101 1114 1130 1167 1⁰
1144 1114 1213 1185 qaia
1228 1117 1353 1170 debebat
1363 1120 1392 1171 in
1406 1120 1531 1173 anantes
1547 1121 1733 1176 ecclesiacticis
1747 1138 1810 1177 can·

980 1188 1028 1251 ais,
1045 1185 1088 1239 liis
1099 1186 1203 1253 lenitas
1213 1187 1358 1258 alamann
1370 1205 1435 1251 irase,
1447 1190 1556 1261 quibus
1571 1208 1664 1247 canon
1681 1192 1730 1248 ille
1740 1209 1809 1248 con·

981 1257 1090 1311 tracias
1102 1264 1173 1321 crat,
1187 1257 1236 1326 qui
1248 1258 1369 1329 proinde
1385 1266 1452 1313 ante
1467 1276 1583 1316 omnem
1601 1261 1681 1318 illius
1696 1268 1811 1320 sentcn-

981 1328 1052 1382 tiam
1068 1331 1129 1381 erat
1145 1327 1244 1383 irritus
1260 1334 1288 1383 et
1303 1345 1405 1384 cassas
1415 1348 1421 1398 ;
1433 1332 1542 1401 emnia
1553 1337 1635 1388 tanta
1646 1339 1708 1390 crat
1721 1334 1811 1391 Nice·

982 1415 1086 1453 norum
1103 1414 1249 1453 canonum
1274 1401 1443 1469 auctoritas,
1461 1408 1489 1456 ut
1508 1403 1652 1474 quidquid
1676 1422 1693 1460 a
1715 1406 1809 1462 multo

982 1471 1070 1525 etiam
1088 1467 1222 1541 pluribus
1238 1477 1336 1524 contra
1354 1479 1427 1526 esset
1446 1473 1606 1542 decretum,
1623 1475 1651 1530 in
1668 1475 1750 1532 nulla
1763 1491 1807 1530 re·

980 1547 1111 1597 verentia
1126 1539 1292 1596 habendum
1309 1554 1396 1598 esset.

1222 1639 1269 1694 AD
1281 1638 1483 1696 atterebant
1498 1641 1566 1698 CVI.

1198 1727 1273 1766 aeuo
1293 1728 1482 1773 ottttsaaataa
1503 1730 1586 1769 cxxx.

1228 1800 1355 1855 rlnclat'ie
1369 1802 1491 1872 episeopo
1505 1805 1559 1858 GP.

1021 1897 1046 1951 l.
1067 1899 1128 1951 Non
1158 1898 1297 1962 inculpata
1322 1898 1472 1969 principia.
1497 1898 1587 1956 Video
1615 1918 1633 1955 a
1662 1898 1809 1974 plerisque

985 1966 1089 2021 Leonis
1105 1967 1193 2022 verba
1207 1985 1264 2022 non
1289 1970 1361 2023 satis
1377 1971 1527 2041 perpendi,
1543 1988 1610 2026 cum
1632 1976 1731 2028 tamen
1746 1974 1809 2046 ipse

982 2055 1036 2092 suo
1047 2038 1248 2109 scrupulosius
1259 2044 1393 2109 satragarrt
1406 2057 1411 2095 :
1425 2059 1482 2095 uun
1494 2043 1571 2096 enim
1584 2042 1624 2098 ait
1633 2042 1747 2098 irritam
1757 2048 1809 2099 aut

984 2108 1116 2163 ritiosaar
1143 2109 1233 2163 tuisse
1262 2110 1384 2164 arrrrtalii
1401 2112 1682 2175 ordinationem‚vel
1707 2118 1810 2169 contra

982 2196 1108 2233 cationes
1125 2184 1305 2251 usurpatum,
1319 2184 1396 2236 uttle
1412 2182 1594 2237 ordinatione
1609 2184 1723 2238 Maximi
1741 2200 1808 2240 atax

982 2252 1097 2313 asserit,
1109 2253 1158 2305 sed
1175 2255 1290 2305 tanturn
1304 2269 1310 2306 :
1322 2252 1380 2306 Non
1391 2254 1533 2324 irrmlpata
1548 2254 1625 2309 illias
1634 2256 1720 2325 fnisse
1727 2256 1808 2327 prin·

982 2324 1065 2393 cr'piu,
1078 2327 1106 2377 et
1120 2327 1153 2377 ut
1167 2323 1252 2393 epist.
1263 2323 1299 2377 55
1309 2330 1394 2391 (nitere
1408 2324 1454 2389 70)
1467 2325 1502 2378 ad
1517 2323 1701 2380 Pulcheriam
1716 2325 1808 2398 loqui·

984 2400 1042 2455 tur,
1058 2393 1260 2448 ordinationem
1285 2398 1345 2474 ejas
1370 2394 1440 2448 itere
1462 2397 1646 2466 praeconiam
1671 2396 1756 2468 epist.
1772 2397 1807 2450 78

983 2468 1069 2589 panna
1085 2465 1146 2531 101)
1161 2465 1196 2518 ad
1214 2463 1393 2518 Marcianum
1415 2467 1550 2535 tergeat,
1566 2469 1624 2538 eins
1638 2468 1722 2523 initia
1736 2469 1806 2522 littt-

1000 2550 1104 2593 aerc:e
1128 2536 1174 2589 ist.
1191 2536 1235 2598 et.
1253 2536 1310 2606 eina
1326 2535 1525 2591 ordinationem
1542 2539 1625 2609 satra
1644 2543 1806 2610 suspectam,

983 2605 1052 2677 quia
1068 2605 1095 2659 vi
1118 2605 1201 2660 elicet
1216 2607 1280 2676 ejus
1295 2608 1366 2661 tides
1385 2606 1413 2661 ia
1434 2608 1556 2663 dubium
1572 2608 1666 2664 vocari
1683 2614 1805 2681 poterat,

983 2677 1034 2748 qui
1049 2678 1085 2731 ab
1101 2676 1239 2749 Eutychis
1260 2677 1463 2733 del'ensoribus
1479 2683 1571 2734 l'uerut
1585 2680 1737 2736 ordinatus
1759 2697 1809 2738 nec

985 2750 1120 2803 innnen'tc
1134 2747 1303 2812 credebatur,
1314 2754 1446 2821 utsupra
1458 2750 1540 2813 dixit,
1551 2751 1620 2822 qnod
1631 2753 1689 2824 ejas
1699 2724 1808 2808 editta-

985 2825 1056 2873 tores
1070 2823 1165 2875 centra
1178 2824 1334 2875 sanctornm
1344 2836 1479 2876 annonam
1491 2823 1639 2878 carestitnta
1653 2823 1809 2880 uiderentur

984 2890 1283 2946 resarcinantes
1303 2907 1478 2948 consecrasse.
1495 2892 1636 2949 Ceterum
1664 2910 1722 2949 noa
1745 2900 1809 2952 erat

985 2962 1085 3017 eadem
1102 2962 1227 3017 Anatolii
1243 2962 1369 3017 conditio
1396 2979 1430 3019 ae
1450 2964 1568 3019 Maximi
1583 2969 1611 3019 et
1625 2970 1807 3032 caeterorum,

984 3032 1035 3105 qui
1051 3031 1128 3089 maie
1138 3032 1279 3107 depositis
1294 3033 1330 3091 ab
1343 3033 1487 3108 Ephesiae
1498 3034 1649 3094 latrocinio
1664 3036 1808 3113 episcopis

651 3148 946 3205 BhLbElilh'lORUM
965 3148 1255 3206 ANNOTATIONES.

97 3255 155 3306 rat.
173 3248 308 3322 Ephesini
320 3247 466 3303 latrocinii
479 3253 561 3319 gesta
576 3246 926 3319 huiusseeundrespeciei
942 3246 963 3311 G
981 3262 1046 3304 earn
1065 3245 1180 3301 irritum
1206 3246 1372 3302 declaravit.
1388 3247 1461 3303 Cum
1487 3253 1584 3305 tamea
1609 3249 1687 3305 idem
1713 3266 1807 3307 canan

95 3316 927 3388 exstiteruntcnmverocananiamchalcedonense,qu0d

98 3393 246 3448 celebrem
271 3407 411 3446 canonem
442 3408 492 3473 pre
516 3389 837 3461 Constantinopolitano
860 3388 928 3443 sede

97 3462 267 3530 constituit,
277 3467 356 3518 esset
368 3463 525 3516 concilium
541 3479 621 3533 aeqrte
636 3460 769 3532 generale
784 3477 818 3516 ac
832 3459 928 3516 eonci-

98 3536 176 3591 lium
198 3533 359 3601 Nicaeum,
372 3532 559 3606 obsequntem
575 3533 777 3588 arroteritatem
791 3532 929 3612 derogare

99 3606 206 3677 utique
216 3606 311 3678 potuit
322 3605 483 3659 canonibus
495 3604 619 3659 Nicenis
630 3605 658 3658 in
670 3621 700 3658 re
709 3620 794 3659 merce
803 3602 929 3674 discipli-

100 3695 158 3746 nae,
170 3693 236 3749 qute
246 3676 399 3732 mutationi
411 3675 534 3730 oiraoxia
546 3679 604 3742 est,
622 3675 663 3730 ita
674 3681 707 3728 nt
722 3674 769 3730 ille
785 3691 875 3729 ennon
892 3674 928 3729 ad

121 3749 226 3804 rimam
237 3748 363 3820 speciem
377 3745 927 3817 rct'erendussiterrmqneearsereidem

99 3767 192 3876 inerit
202 3836 234 3875 ac
246 3820 361 3874 irritum
375 3823 557 3873 laceracam
568 3818 712 3888 generalis
725 3816 839 3871 concilii
849 3818 891 3872 vis
901 3820 930 3871 et

99 3890 394 3946 anctoritasltomani
410 3889 718 3961 pontilicisassensum
736 3887 929 3959 requirat,ds·

99 3967 182 4018 creta
196 3962 249 4016 hoc
264 3977 386 4017 assensu
402 3961 531 4043 expertia
545 3960 632 4015 relati
643 3975 786 4030 suspensa
797 3963 927 4026 manent,

99 4033 199 4107 quoad
215 4034 343 4106 supremi
361 4032 466 4105 capitis
485 4047 639 4087 assensum
660 4031 820 4085 obtineant.
837 4029 929 4085 Multo

100 4110 201 4162 autem
211 4104 305 4177 magis
335 4101 930 4175 regeneratisspnodisanctiouebahenda

101 4194 161 4233 non
178 4181 258 4243 sunt,
276 4175 301 4231 si
315 4120 439 4230 ltomant
463 4174 607 4246 pontilicis
622 4179 673 4228 aut
688 4172 848 4244 legatarum
865 4173 929 4242 ejus

100 4245 365 4305 contradictionem
375 4246 584 4301 aedissensum
594 4245 779 4299 incurrerint.
788 4244 817 4299 ld
830 4249 928 4299 autem

99 4319 290 4376 multoetiam
302 4317 501 4388 magistrarum
512 4316 718 4386 agnoscitur,si
729 4316 928 4386 derogandum

98 4391 142 4447 sit
156 4389 328 4454 canonibus,
338 4389 388 4460 qui
400 4404 417 4443 a
428 4387 554 4460 generali
566 4386 698 4452 concilio,
708 4403 826 4441 summo
837 4387 930 4458 ponti·

99 4463 157 4518 ssce
173 4460 362 4522 assentiente,
378 4458 484 4513 decreti
501 4460 629 4526 luerunt,
646 4473 819 4529 summaque
839 4457 929 4513 totius

98 4532 182 4589 orbis
193 4533 377 4587 veneratione
389 4530 503 4602 recepti.
513 4529 566 4593 Oui
577 4535 675 4585 autem
688 4529 718 4583 in
730 4527 929 4600 synodochal-

982 3317 1262 3378 chalcedonensium
1279 3323 1398 3373 Petrum
1416 3320 1661 3375 auctoritatatem
1677 3319 1807 3392 aliquam

982 3389 1148 3449 inchoatam
1161 3376 1342 3453 baberet,cui
1351 3390 1531 3461 perficiendae
1540 3390 1699 3462 apostolica
1709 3398 1807 3448 aucto·

983 3467 1055 3521 ritas
1069 3460 1193 3516 debebat
1208 3462 1352 3526 accedere,
1370 3461 1399 3515 S.
1417 3462 1472 3516 Leo
1488 3462 1573 3517 verbo
1588 3478 1726 3518 cassamus
1741 3479 1807 3519 eam

983 3548 1175 3610 quaecumque
1190 3534 1248 3586 vim
1265 3531 1293 3585 in
1316 3531 1431 3586 irritum
1449 3531 1552 3587 iecisse
1567 3531 1624 3587 dici
1645 3536 1750 3606 potest.
1765 3532 1807 3590 Ex

983 3608 1029 3663 his
1041 3620 1125 3675 prorro
1136 3603 1178 3658 sic
1188 3601 1374 3665 Ouesaellum
1386 3603 1618 3673 urgemusNum
1631 3604 1805 3676 putatChal·

982 3680 1144 3735 cananense
1153 3672 1396 3740 concilium,cum
1406 3674 1726 3745 praedictumcaaanem
1736 3693 1806 3732 san-

982 3743 1805 3831 xitiuissegeneraleetvimgeneralisconciliibabuisse,

982 3823 1036 3876 etsi
1053 3816 1192 3899 pontilicii
1217 3815 1303 3887 legati
1325 3814 1351 3870 ei
1373 3817 1476 3871 canoni
1499 3817 1736 3882 contradixerint,
1753 3834 1806 3874 nee

983 3889 1129 3965 pontilicis
1140 3886 1322 3943 confirmatio
1334 3887 1487 3942 accesserit
1496 3891 1507 3943 ?
1517 3888 1575 3943 Hac
1584 3888 1661 3944 enim
1678 3889 1707 3943 in
1719 3888 1806 3962 hypa-

982 3961 1058 4018 thesi
1074 3975 1140 4013 cum
1157 3964 1266 4014 certum
1285 3957 1323 4012 sit
1341 3957 1497 4013 concilium
1523 3959 1657 4042 generale
1671 3959 1702 4015 in
1718 3962 1806 4016 rebus
1855 4005 1860 4014 ,

983 4030 1145 4103 discipline
1155 4046 1240 4102 passe
1251 4045 1358 4084 novum
1367 4029 1515 4084 deeretum
1532 4030 1714 4094 inducerent
1723 4031 1806 4088 deto-

983 4122 1051 4178 gare
1070 4104 1183 4157 decreto
1209 4100 1361 4156 anterioris
1383 4100 1528 4173 generalis
1555 4101 1658 4176 synodi
1686 4102 1807 4158 Nicaea

995 4173 1118 4232 concilia
1133 4173 1211 4228 enim
1224 4170 1371 4244 generalia
1386 4172 1545 4243 posteriora
1559 4189 1617 4228 noa
1632 4173 1731 4229 minus
1744 4191 1809 4246 pos-

983 4253 1053 4303 sunt
1068 4261 1156 4328 quam
1180 4243 1346 4314 anteriora),
1362 4248 1474 4298 certttm
1494 4261 1610 4326 quoque
1632 4261 1697 4300 csse
1720 4245 1808 4301 debet

983 4317 1138 4373 concilium
1151 4313 1427 4376 chalcedonensem
1439 4315 1706 4370 contradicentibus
1716 4314 1805 4370 etiam

983 4390 1009 4445 lc
1031 4388 1088 4445 atis
1103 4403 1135 4442 ac
1151 4385 1297 4458 pontilicis
1312 4385 1522 4457 approbatione
1533 4385 1694 4455 deficiente,
1704 4385 1807 4441 luisset

982 4479 998 4517 a
1022 4461 1079 4514 bue
1093 4457 1247 4512 concilium
1271 4454 1414 4526 generale,
1427 4461 1456 4510 et
1470 4454 1613 4527 generalis
1628 4455 1731 4526 synodi
1745 4455 1805 4511 rim

983 4526 1386 4598 habuisset,validcpotuisse
1396 4527 1519 4581 condere
1532 4542 1672 4581 canonem
1690 4527 1725 4582 dc
1736 4542 1804 4598 prce

98 4603 258 4660 cedonensi
273 4601 376 4658 canoni
392 4601 507 4656 Niceno
520 4601 698 4672 derogarunt
712 4616 785 4655 novo
801 4600 925 4667 decreto,
943 4601 1119 4675 [trogalivis
1129 4595 1551 4720 sedisConstantinopolitanae,
1561 4595 1677 4653 tametsi
1688 4597 1806 4655 statutis

98 4676 119 4730 ii
138 4675 197 4730 iere
207 4674 325 4729 l'uerunt
335 4689 369 4728 ex
380 4671 507 4727 Orientis
518 4671 654 4726 Ecclesiis
665 4687 728 4742 quae
739 4670 775 4725 ad
787 4669 926 4726 Occiden-

99 4751 160 4802 tem
177 4762 235 4802 aoa
250 4745 396 4818 pertinent
411 4760 418 4797 :
436 4743 513 4797 unde
549 4760 580 4798 er
601 4759 665 4797 sese
687 4741 782 4796 solnm
798 4742 929 4797 Orienta-

99 4818 170 4884 lem,
184 4833 240 4873 non
256 4832 322 4871 reru
333 4820 361 4870 ct
376 4760 588 4869 Occidentalem
600 4812 758 4869 Ecclesiam
770 4829 927 4895 represen-

99 4887 293 4959 tabant,quod
303 4887 338 4941 ad
348 4884 481 4968 generale
493 4883 650 4940 concilium
664 4901 859 4939 neeessariam
873 4889 927 4941 est.

101 4960 175 5015 ilinc
191 4975 261 5014 sane
278 4958 425 5030 pontrttcia
438 4957 619 5011 canlirmatio
633 4956 792 5026 snpradieti
808 4957 928 5013 canonis

99 5029 348 5087 Chalcedonensis
364 5030 400 5083 ad
415 5029 474 5082 rim
491 5030 555 5096 eius
571 5028 734 5082 necessaria
753 5027 851 5098 agnita
863 5028 925 5082 tait.

99 5103 196 5167 Quare
208 5099 361 5155 anatolius
372 5099 712 5171 Constantinopolitanae
727 5097 782 5153 ine
804 5098 851 5152 ist.
866 5099 926 5153 101.

99 5190 128 5229 c.
140 5175 159 5228 5
171 5190 178 5228 :
192 5172 331 5243 Ejusmodi
353 5173 437 5227 etiam
459 5169 727 5240 terrenamque,
752 5186 767 5224 a
810 5173 928 5224 treatram

97 5245 272 5300 sanctitatem
285 5250 381 5298 sancta
394 5242 514 5314 synodus
528 5241 633 5304 retulit,
650 5248 676 5295 et
688 5256 746 5303 aas,
758 5244 786 5294 at
796 5240 928 5311 approba-

98 5318 205 5372 tionem
214 5330 232 5369 a
240 5315 313 5370 nebia
323 5314 609 5385 confirmationemque
617 5327 823 5382 carnequarnnr.
834 5311 868 5365 Et
878 5311 928 5367 ite·

97 5402 168 5441 rum
180 5386 264 5457 epist.
278 5385 339 5450 132,
351 5402 376 5440 c.
389 5388 416 5439 2.
426 5384 494 5439 Cam
506 5392 532 5439 et
547 5386 588 5440 sic
600 5391 735 5454 pestorani
746 5383 786 5436 cis
799 5383 888 5438 omnis
902 5386 927 5438 cl

96 5457 271 5527 continentia
281 5458 442 5512 accantati
454 5464 550 5512 cestre
562 5453 738 5510 beatitudinis
747 5454 830 5523 inerit
839 5468 926 5509 reser-

97 5523 927 5606 eatasieutergoauctoritassammipontificisaecessa·

97 5601 145 5655 ria
155 5605 218 5656 erat
230 5599 266 5655 ad
282 5598 533 5654 contirmationem
546 5613 666 5653 canonis
681 5595 731 5667 qui
744 5595 868 5650 Nrcaenis
879 5613 926 5652 ca·

97 5669 228 5727 nonibus
239 5670 407 5743 derogabat,
418 5671 458 5724 ita
472 5669 574 5725 eadem
589 5668 761 5724 auctoritate
775 5667 927 5725 deficiente

96 5758 194 5800 canon
205 5737 518 5798 aCbalcedoacasibus
528 5744 629 5796 contra
644 5738 774 5794 Niceaos
784 5740 926 5795 constitu·

96 5809 927 5887 tasnullampersegeoeralissyaodivimhabebat.Hiac

96 5901 170 5951 aum
185 5888 338 5966 nmquam
352 5882 469 5946 irritum
486 5882 517 5943 S.
528 5882 583 5942 Leo
593 5881 853 5960 consultantique
866 5898 925 5946 cat·

1424 4683 1479 4721 unc
1495 4672 1592 4723 autem
1609 4668 1638 4724 S.
1655 4669 1711 4726 Leo
1726 4685 1808 4726 eum·

983 4747 1048 4800 dem
1065 4757 1204 4800 canonem
1219 4737 1483 4800 cassans‚validum
1495 4755 1637 4795 canonem
1647 4746 1804 4810 cassasset,

982 4821 1108 4888 etsupra
1116 4809 1413 4886 generalecoacilium
1422 4826 1506 4864 suam
1516 4811 1719 4870 auctoritatem
1730 4829 1808 4869 enee

982 4905 1061 4949 cens,
1070 4885 1204 4939 eumdem
1214 4895 1354 4935 canonem
1363 4879 1480 4935 irritum
1491 4881 1704 4948 lecisset.0uod
1713 4882 1737 4938 si
1746 4882 1807 4938 hee

982 4957 1127 5013 sententia
1143 4970 1199 5008 non
1214 4951 1336 5021 placcat,
1348 4951 1376 5006 itl
1390 4969 1480 5006 arnum
1493 4953 1649 5009 dicendum
1661 4958 1804 5025 superest,

981 5028 1138 5084 concilium
1162 5023 1405 5084 chalcedonense,
1422 5023 1487 5079 licet
1510 5028 1587 5080 esset
1610 5024 1752 5106 generale,
1771 5039 1804 5080 eo

981 5100 1059 5172 quod
1075 5098 1103 5152 in
1119 5096 1169 5151 illo
1182 5099 1380 5150 convenerunt
1394 5111 1451 5150 non
1467 5094 1562 5150 solum
1573 5093 1734 5151 Orientales
1745 5094 1804 5176 epi·

982 5169 1072 5242 scopi,
1081 5168 1131 5224 sed
1141 5165 1229 5223 etiam
1243 5182 1278 5221 ax
1292 5163 1525 5222 occidentalibus
1539 5165 1626 5237 legati
1642 5168 1803 5237 preserttm

982 5240 1104 5297 Romani
1114 5237 1262 5312 pontilicis
1271 5253 1328 5296 aaa
1338 5235 1702 5307 minusOcaidentisquam
1713 5235 1803 5292 totius

981 5310 1115 5368 Ecclesia
1132 5307 1315 5381 capillacea
1337 5313 1435 5363 tamea
1450 5306 1595 5380 generalis
1617 5307 1720 5380 synodi
1742 5305 1802 5362 vim

980 5383 1121 5440 habuisse
1137 5381 1165 5435 ia
1182 5379 1316 5439 decretis.
1329 5378 1385 5434 nisi
1400 5394 1467 5433 cum
1482 5376 1675 5433 Orientalium
1690 5378 1802 5451 episco-

981 5471 1085 5528 porum
1102 5451 1239 5525 suffragia
1251 5453 1455 5506 concurrerent
1467 5447 1676 5516 occidentales,
1686 5466 1719 5505 ac
1730 5466 1802 5522 pra·

981 5526 1081 5584 sertim
1092 5525 1241 5580 Romanus
1252 5520 1378 5605 pontifex
1389 5537 1439 5591 per
1447 5536 1478 5575 se
1486 5519 1529 5575 vel
1537 5537 1666 5592 persuos
1675 5520 1802 5594 legatam

980 5602 1009 5655 et
1024 5597 1079 5653 hnc
1094 5596 1123 5651 in
1138 5597 1361 5664 sententiaque
1378 5590 1531 5646 notissima
1545 5597 1598 5658 est,
1611 5608 1703 5647 canon
1717 5591 1802 5648 Chal·

980 5667 1152 5725 cedoaaasis
1171 5662 1293 5720 Nicaenis
1310 5661 1471 5734 presertim
1487 5661 1613 5719 decretis
1627 5663 1801 5734 contrarius,

980 5739 1027 5796 cui
1040 5736 1278 5796 contradixerunt
1289 5731 1386 5806 legati,
1396 5733 1540 5806 generalis
1554 5733 1659 5790 concili
1668 5733 1727 5790 vim
1743 5752 1802 5794 aaa

980 5812 1116 5880 habebat,
1132 5825 1165 5866 ae
1179 5809 1331 5882 propterea
1345 5820 1412 5862 eum
1427 5803 1510 5861 illum
1525 5805 1581 5863 Leo
1596 5806 1721 5875 cascaeit,
1736 5805 1802 5870 irri-

979 5889 1044 5949 tum
1057 5899 1112 5964 per
1125 5896 1156 5942 aa
1171 5883 1199 5938 st
1213 5875 1329 5942 nubum
1342 5875 1506 5941 declarans
1519 5877 1662 5942 dicendus
1675 5881 1729 5944 est·

982 4674 1107 4730 Nieoenis
1122 4676 1199 4726 esset
1214 4667 1386 4724 contrarius.
