4050 6175
83 295 136 364 444
836 290 970 362 88810
990 292 1044 360 tl.
1730 295 1791 365 488

83 431 194 519 celime
212 427 354 517 immadi
366 430 517 490 iucurrisse
530 426 664 489 44444444.
679 427 765 488 britto
778 430 871 514 444444
884 430 953 488 tulii
965 430 1156 514 supertitionu
1164 428 1258 504 444444
1271 427 1429 559 dietpridie
1435 443 1533 503 nouos,
1542 445 1594 561 pun
1599 434 1788 561 poponiprae·

82 521 157 578 erpaa
169 503 349 561 solenmatate
362 504 536 578 Apollinares
550 502 628 559 ludos
634 500 813 574 perapebaut,
825 518 856 558 tn
865 517 932 574 quos
944 510 1028 558 ettam
1037 501 1210 559 celebrandos
1220 516 1270 559 eon
1283 519 1328 560 ere
1345 512 1535 562 outnummos.
1569 521 1598 563 os
1620 506 1789 565 Cannensem

83 580 213 633 nimirum
226 576 339 633 cladem
345 577 468 633 instituti
479 577 637 658 sacramen
645 574 737 629 blortii
750 574 822 629 clari
831 575 1042 641 uatiscormiue,
1051 576 1167 647 cujusin
1178 575 1257 630 tibris
1331 575 1440 631 inuento
1451 579 1544 634 Liuius
1554 581 1649 634 recitot
1661 581 1710 636 lib.
1721 596 1788 650 xxv,

83 665 103 704 c.
119 651 161 704 42.
173 647 292 716 Hostes,
309 648 447 714 Romani,
462 664 487 704 er
503 644 645 721 expellere
659 644 749 702 uoltis
752 685 806 700 .....
822 643 948 717 Apollini
963 645 1109 701 vovendos
1119 662 1223 702 censeo
1234 645 1388 719 tuensqui
1399 648 1558 720 quotannis
1569 650 1788 722 comiterllpol·

82 718 131 776 lini
145 719 227 785 flant,
244 735 318 776 cum
334 719 461 793 populus
474 717 587 775 dederit
600 733 635 773 ex
649 715 766 788 publico
779 720 901 787 partem,
918 715 1022 788 privati
1039 720 1071 772 ut
1084 719 1236 773 conlocant
1246 735 1297 790 pro
1308 717 1488 791 scenisque,
1505 718 1542 775 iis
1552 719 1630 776 ludis
1645 721 1787 779 laciendis

102 791 192 846 raserit
205 795 330 863 pretor.
345 793 400 847 4444
413 793 536 846 carmine
551 791 660 845 invento
674 790 698 843 et
712 787 748 842 nd
759 792 885 842 senatum
898 786 986 843 delato
1001 792 1164 845 censuerant
1189 790 1285 846 Patres
1299 789 1420 861 Apollini
1434 789 1511 846 ludos
1525 791 1666 859 uouendos,
1681 794 1787 864 socien-

84 809 175 934 doenue
188 879 207 918 a
217 868 344 933 praetore
360 863 448 920 Urbis.
464 862 513 917 llic
526 864 618 916 autem
632 861 664 915 in
678 860 750 915 circo
761 874 883 914 44444444
892 875 956 914 cum
963 860 1087 930 44444444
1094 863 1171 927 essct,
1180 860 1267 917 edr'rcit
1280 866 1310 916 ut
1321 860 1447 933 populus
1463 877 1514 934 per
1525 877 1575 918 eos
1586 862 1671 920 ludos
1682 864 1718 920 eti
1740 881 1787 921 em

83 929 213 1007 Apollini,
230 938 382 1005 quantum
398 932 585 989 commodum
599 936 702 998 cesset,
718 929 871 986 conterret,
887 931 968 986 initio
981 930 1062 986 natta
1075 935 1177 987 44444444
1191 931 1237 988 die
1251 931 1281 988 44
1297 931 1357 987 ludi
1370 931 1529 988 edebantur.
1541 934 1574 988 At
1586 935 1617 988 A.
1635 936 1665 991 ll.
1683 935 1711 990 C.
1758 937 1786 1006 o,

84 1007 118 1061 Pr
132 1007 217 1060 Varus
228 1007 338 1076 4444444·
351 1005 475 1060 urbanos
489 1005 546 1073 iope
560 1001 595 1058 od
606 1001 739 1074 poputum
768 1001 825 1057 tcta
834 1001 928 1073 jsusus
941 1008 981 1058 est
992 1009 1097 1058 centnm
1122 1003 1195 1058 diem
1208 1005 1335 1059 statuere.
1366 1006 1466 1076 ltaque
1480 1003 1543 1077 ipse
1557 1004 1682 1077 primus,
1697 1008 1790 1079 inquit

84 1076 171 1132 licius
187 1076 206 1131 t.
214 1092 306 1142 xxva,
317 1075 452 1141 itavovit,
464 1075 587 1147 fecitque
596 1079 663 1129 ante
674 1072 752 1128 diem
763 1088 794 1127 111
804 1088 896 1127 nouas
907 1070 1060 1136 Quintiles.
1073 1073 1100 1129 ls
1110 1074 1218 1130 deinde
1228 1072 1369 1131 solemnis
1379 1080 1521 1131 servatus.
1532 1077 1575 1131 Fa
1583 1075 1687 1132 duobus
1698 1081 1789 1134 autem

84 1149 200 1221 44444444
214 1146 387 1202 calendariis
401 1146 544 1218 4444444444
556 1154 582 1200 44
593 1143 794 1200 Bloncbiniono
808 1145 984 1214 corripenuur
998 1146 1072 1201 livii
1083 1147 1183 1201 tentus.
1199 1149 1225 1201 et
1236 1160 1287 1218 pro
1300 1161 1331 1201 ιιι
1346 1162 1439 1202 nonas
1456 1146 1604 1218 Inpendam
1615 1155 1654 1203 est
1663 1164 1684 1204 ιι
1696 1163 1790 1205 nones

85 1215 245 1283 Quintiles:
261 1217 336 1290 qnod
347 1220 455 1291 pariter
468 1216 612 1287 confirmat
625 1216 736 1270 tertium
749 1214 938 1271 commarcam
951 1218 1086 1271 marmori
1099 1216 1265 1289 insculptum
1278 1219 1303 1272 ct
1314 1218 1448 1272 Amiterni
1458 1221 1605 1289 repertam,
1616 1235 1633 1274 a
1643 1219 1791 1277 liuratono

84 1291 178 1346 neem
189 1292 259 1345 torn.
276 1288 289 1344 l
305 1288 450 1345 Thesaurii
464 1288 588 1359 inscript.
603 1304 667 1359 pop.
684 1287 745 1342 lbi.
761 1285 857 1341 Solum
885 1285 1084 1348 calendarium,
1101 1303 1155 1342 non
1179 1291 1272 1343 444444
1286 1303 1321 1343 uc
1335 1305 1483 1355 4444444444,
1497 1289 1544 1345 sed
1558 1307 1593 1345 44
1605 1294 1791 1365 nmnuscripto

84 1364 202 1418 44444444
211 1360 390 1429 waima
404 1360 554 1422 Lambecio,
567 1358 638 1431 4444
647 1365 726 1414 aron
740 1357 824 1412 etiam
835 1359 980 1429 posterius,
997 1359 1084 1414 tribus
1095 1358 1214 1414 luntatis
1222 1361 1484 1432 prasereridumnou
1494 1369 1543 1428 est,
1559 1377 1591 1416 ιιι
1603 1365 1789 1435 nonasponit.

83 1432 110 1489 ld
123 1435 217 1487 autem
233 1431 421 1487 librariorum
435 1430 514 1503 lapsu
526 1431 609 1502 focile
622 1429 779 1498 emutinpere
792 1430 889 1500 potuit.
905 1428 1084 1485 bollandistae
1096 1434 1161 1485 tom.
1177 1429 1214 1486 Vl
1228 1432 1307 1487 iunii
1318 1438 1397 1504 porte
1412 1446 1443 1500 ιι,
1459 1433 1523 1487 buia
1536 1432 1704 1500 calendario,
1720 1433 1792 1507 quod

84 1504 241 1559 lambecius
252 1504 367 1576 primus
382 1502 514 1571 ediderat,
531 1502 668 1572 ercpione
683 1502 867 1572 apposuerunt
881 1498 960 1555 uliud
973 1503 1054 1556 anteo
1070 1501 1203 1558 ineditum
1218 1501 1439 1558 calendariumo
1457 1502 1578 1558 Polemio
1594 1503 1679 1560 Siluio
1693 1507 1791 1563 leonis

84 1576 168 1630 444444
178 1578 263 1629 atate
277 1576 464 1646 conscriptum
478 1575 508 1627 in
522 1588 573 1643 puo
586 1587 663 1643 acque
676 1587 708 1627 oc
722 1572 753 1626 in
765 1570 932 1626 calendariis
946 1574 1109 1627 marmorcis
1121 1590 1141 1629 ιι
1157 1589 1215 1628 nou
1230 1576 1375 1629 memorati
1395 1574 1455 1629 iudi
1464 1576 1652 1642 assipuontnr.
1666 1577 1724 1634 lino
1734 1576 1792 1633 dies

85 1645 218 1702 initulis
234 1644 312 1700 ludis
325 1646 485 1708 4444444444,
500 1643 565 1700 dein
577 1642 681 1699 eosdem
693 1658 723 1698 re
741 1643 830 1709 444444,
844 1644 902 1698 siue
915 1644 1087 1699 continuatos
1097 1645 1128 1699 in
1140 1645 1234 1715 plures
1249 1643 1317 1710 dies,
1328 1662 1364 1701 44
1377 1646 1483 1716 aliquot
1496 1649 1791 1704 octerumtcstintoniis

87 1718 130 1790 psi
140 1716 214 1776 alios
228 1716 340 1773 stallos
353 1715 584 1785 diurnnnorant,
598 1714 706 1786 collepit
715 1660 839 1769 liniatus
854 1715 883 1769 iu
902 1713 1076 1786 Cenotapbiis
1090 1716 1200 1771 Pisonis
1212 1715 1320 1772 duceri.
1334 1720 1360 1781 2,
1376 1732 1436 1788 cop.
1445 1718 1473 1782 d,
1486 1720 1512 1772 et
1526 1725 1590 1773 ante
1599 1719 1689 1790 ipsunt
1698 1719 1792 1775 44444-

87 1790 137 1843 tins
149 1787 187 1844 de
204 1787 336 1860 Legibus
352 1787 561 1853 Rornanorum,
577 1793 603 1842 et
618 1784 766 1842 commen.
783 1786 814 1840 in
826 1801 868 1868 ep.
885 1784 912 1852 4,
929 1784 977 1844 444.
994 1802 1049 1854 xvi,
1065 1786 1101 1842 ad
1117 1788 1244 1842 Atticum.
1261 1792 1304 1844 lic
1312 1787 1571 1845 calendarioautem
1582 1790 1792 1868 flammamini

84 1861 168 1933 primo
181 1859 315 1914 1444444444
329 1859 428 1915 sacuto
443 1856 610 1931 inscralptum
624 1858 654 1913 iu
668 1872 760 1912 museo
776 1856 928 1928 Capitolino
943 1865 1074 1923 4444444444,
1089 1865 1143 1915 444
1157 1860 1299 1915 Francisco
1324 1858 1487 1916 8444444444
1501 1860 1605 1916 aditum
1618 1862 1673 1932 tuit
1687 1869 1752 1918 4444.
1767 1862 1793 1919 ll

85 1931 221 1987 ,4444444444
234 1947 301 2003 pap.
319 1931 374 1985 305
387 1930 443 1986 tob.
466 1944 618 1998 c,neonon
631 1945 669 1984 eu
689 1928 833 1984 4444444444
847 1930 941 1999 sapius
956 1943 1060 1996 444444,
1077 1927 1208 1985 ducimus
1235 1931 1411 2002 Apollinares
1426 1931 1504 1987 ludos
1523 1933 1673 2000 ,4444444444
1685 1949 1706 1989 ιι
1721 1950 1791 1992 non.

86 2001 215 2071 tulisset
228 2004 411 2058 continuasse
422 2015 506 2084 respue
520 1999 556 2055 ad
569 2017 597 2056 ιν
611 1998 690 2063 idos,
706 2015 753 2056 scu
766 2013 851 2070 rupae
865 1997 899 2053 od
919 1998 992 2055 diem
1005 1999 1126 2072 ejusdem
1141 2003 1243 2057 mensis
1257 2002 1455 2058 duodecimam.
1471 2003 1502 2058 in
1515 2003 1672 2060 calendario
1688 2003 1792 2062 lombe-

87 2076 157 2129 riono
172 2074 265 2130 iidem
276 2071 342 2129 ludi
358 2072 547 2156 Appollonius
561 2077 695 2127 4444444444
709 2072 797 2127 etiam
810 2086 842 2125 nr
856 2069 924 2126 idus
937 2070 1057 2143 4444444444
1071 2073 1182 2138 mnan,
1199 2071 1228 2128 id
1241 2081 1280 2129 est
1292 2073 1337 2129 die
1351 2073 1396 2129 lt.
1413 2072 1443 2129 ld
1453 2075 1607 2146 ecpts'catur
1620 2091 1656 2132 eu
1667 2075 1794 2132 84444444

87 2163 122 2217 ep.
136 2145 163 2211 4,
180 2144 202 2201 4.
218 2161 283 2209 rvr,
296 2143 335 2199 od
348 2145 477 2213 Atticum,
493 2143 541 2199 ubi
554 2141 738 2199 venationem
752 2144 885 2198 4444444444
900 2141 1039 2214 postridie
1054 2142 1140 2200 ludos
1153 2143 1345 2217 Apollinares,
1355 2159 1418 2217 pue
1431 2147 1504 2201 uelut
1518 2145 1658 2218 4444444444
1666 2147 1794 2204 ludorum

86 2216 290 2344 Apoploiporiipm
304 2216 548 2342 bpbpiboturffillinc
561 2213 750 2270 calendarium
764 2212 1000 2270 Btonebinianum
1013 2231 1044 2270 ιιι
1057 2214 1086 2270 id
1108 2214 1188 2271 babet
1202 2215 1233 2272 lu
1246 2215 1328 2272 Circo
1341 2219 1368 2272 ct
1380 2215 1555 2289 daffcmnum
1568 2234 1630 2273 cum
1644 2218 1794 2276 Amiterni·

90 2304 121 2343 ao
181 2304 229 2344 cru
261 2305 290 2343 re
341 2304 359 2342 ιι
382 2303 437 2342 rin
485 2302 545 2342 444.

115 2360 169 2415 liae
178 2374 250 2427 erpo
263 2329 461 2431 stipor-stitione
473 2358 508 2412 ob
522 2357 643 2429 44444444
656 2356 786 2411 Patribus
802 2356 832 2411 in
843 2356 924 2426 pium
937 2372 1021 2412 usum
1033 2372 1171 2426 conuerso,
1187 2360 1294 2429 primus
1307 2357 1484 2418 collectarum
1493 2357 1551 2414 dies
1559 2358 1761 2431 suisseuictetur
1773 2377 1793 2417 ιι

88 2446 166 2486 mnes
179 2431 266 2497 rubii,
279 2431 330 2502 qui
345 2438 385 2486 est
398 2429 456 2485 dies
470 2437 572 2486 octaua
586 2426 633 2484 88.
643 2428 720 2483 Petri
734 2429 759 2482 ct
773 2427 855 2482 Pauli
864 2444 875 2488 ,·
890 2428 966 2499 444444
976 2436 1041 2483 onte
1055 2428 1197 2500 aliquanto
1219 2433 1279 2485 erat
1302 2428 1473 2494 indicendus,
1489 2433 1519 2484 ut
1530 2430 1649 2501 populus
1663 2430 1698 2486 od
1711 2431 1793 2486 colte-

89 2503 196 2558 etionem
211 2518 274 2558 sese
387 2515 442 2556 nne
452 2502 583 2572 pararet;
597 2514 630 2553 oe
641 2497 757 2570 proinde
770 2498 818 2553 tos
831 2513 968 2554 sennones
980 2500 1053 2555 inter
1062 2499 1134 2554 dcem
1143 2502 1265 2556 natatem
1276 2508 1429 2556 stoctonam
1436 2499 1485 2555 88.
1497 2501 1681 2571 apostotorum
1689 2502 1795 2558 4444444
1807 2517 1811 2527 ·

87 2574 165 2654 truse
176 2505 422 2628 cremummm
436 2570 563 2641 cst.Quod
578 2571 605 2625 si
617 2574 670 2625 tres
684 2585 720 2625 ca
733 2570 959 2653 bis'sermpnibns
974 2572 1005 2625 in
1016 2570 1173 2626 diuinorum
1187 2572 1339 2643 officiorum
1354 2572 1581 2697 usumnssumpti,
1592 2570 1686 2627 diebus
1699 2573 1794 2628 Domi·

88 2660 152 2699 aens
163 2644 195 2710 2,
209 2645 229 2699 3
243 2647 274 2700 et
289 2644 306 2699 4
323 2647 391 2717 post
406 2641 501 2698 natale
516 2639 715 2714 apostolorum
730 2644 864 2708 asacpnotr
878 2641 1061 2696 muniantur
1072 2644 1102 2698 ia
1116 2643 1227 2698 laudato
1242 2644 1412 2699 lectionario
1422 2643 1531 2698 totlicel
1544 2642 1642 2711 anund
1648 2644 1795 2715 posteriori

87 2719 199 2787 tmpore
213 2714 334 2783 44444444,
349 2716 380 2769 at
392 2715 550 2770 Domirricus
563 2712 622 2768 dies
634 2712 752 2794 sinpotis
766 2712 957 2793 cnsipnuretor
967 2731 977 2779 ,·
989 2714 1215 2784 quemadmodum
1224 2716 1309 2771 etiam
1322 2730 1409 2771 senno
1424 2715 1470 2780 84,
1478 2716 1532 2838 pai
1544 2714 1580 2769 ad
1594 2715 1793 2788 4444444444-

87 2788 202 2843 nurum
215 2787 396 2860 pertinetur
410 2784 502 2841 eodem
515 2785 684 2841 4444444444
700 2783 841 2839 4444444444
855 2784 873 2837 o
886 2787 952 2856 post
965 2784 1122 2840 eorumdem
1137 2784 1233 2842 natale
1248 2785 1376 2854 leocados
1389 2786 1478 2843 dcscri
1495 2785 1561 2841 itur.

118 2859 158 2913 84
171 2859 217 2913 lars
229 2872 330 2931 porro,
346 2873 408 2930 pue
421 2856 551 2912 44444444
563 2855 762 2918 constituimus,
776 2854 860 2926 focile
873 2861 912 2911 est
926 2859 1032 2910 unatim
1045 2857 1221 2924 sinputorum
1233 2857 1366 2913 inticore.
1383 2858 1450 2914 Cum
1461 2857 1537 2912 enim
1551 2855 1579 2912 8.
1601 2858 1729 2942 pomifer
1744 2858 1793 2914 lto·

88 2945 172 2983 mona
186 2930 323 2985 4144444444
336 2929 481 3000 messuerit
494 2926 527 2982 ab
541 2942 587 2982 on.
604 2926 657 2981 440
671 2940 756 2997 usqae
769 2925 805 2980 ad
817 2942 866 2980 au.
882 2925 945 2992 484,
959 2927 1068 2998 primm
1082 2935 1108 2984 et
1130 2931 1244 2999 peintus
1258 2943 1346 2983 screno
1360 2931 1445 2985 annu
1471 2927 1608 2983 donnae
1630 2931 1748 2997 recitati,
1765 2930 1796 2985 iu

88 3003 180 3071 eribus
193 3000 339 3056 indicitur
347 3001 445 3072 prima
457 2998 567 3054 44444444
580 2995 625 3053 die
640 2998 792 3062 Dorainioo,
807 2995 967 3066 assiprroudi
980 3001 1047 3052 sont
1057 3015 1104 3054 on.
1121 3001 1184 3065 444,
1200 3001 1242 3055 oet
1254 3001 1316 3064 447,
1332 3001 1375 3056 444
1389 3002 1450 3069 452,
1467 3000 1509 3055 uet
1519 3000 1572 3055 458
1582 3016 1590 3067 ς
1602 2999 1645 3056 bis
1654 3003 1729 3057 enim
1743 3017 1794 3056 an·

89 3074 128 3128 ais
141 3073 200 3128 dies
209 3076 295 3128 recto
308 3072 380 3130 tulii
393 3088 428 3128 44
440 3072 535 3127 littera
550 3069 717 3126 Donriuicali
731 3068 753 3124 Ε
766 3066 866 3124 44444444
880 3068 911 3123 in
924 3068 1105 3127 dominicam.
1121 3070 1261 3128 Secundino
1275 3086 1373 3136 444444,
1389 3074 1438 3144 qui
1448 3071 1595 3128 denurttiot
1627 3073 1728 3129 mutam
1738 3073 1794 3130 cot·

89 3144 181 3199 ledam
195 3144 274 3200 teria
287 3144 428 3212 secunde,
444 3141 619 3199 centimalus
633 3148 672 3197 est
686 3156 734 3195 on.
750 3140 812 3222 444,
827 3140 869 3196 444
896 3140 958 3206 453,
975 3141 1016 3195 rtet
1029 3142 1090 3207 459,
1107 3144 1137 3198 in
1151 3143 1251 3215 quibus
1265 3141 1321 3199 dies
1350 3144 1375 3201 ll
1385 3160 1473 3200 nonos
1486 3145 1583 3200 italiae
1597 3089 1652 3216 diii
1665 3146 1738 3217 (erio
1751 3160 1795 3201 se·

88 3215 191 3271 mdo:
208 3215 356 3288 similique
369 3215 477 3270 4444444
490 3214 588 3270 tertius
602 3227 701 3275 serato,
716 3227 763 3284 pua
791 3210 916 3282 desipnot
929 3210 1046 3267 tertiam
1069 3213 1171 3269 leriam
1196 3214 1394 3287 adjudicandus
1407 3224 1448 3271 est
1461 3232 1508 3271 44.
1526 3215 1589 3280 443,
1617 3215 1660 3271 444
1674 3216 1736 3284 448,
1752 3216 1795 3271 444

89 3288 145 3356 454,
161 3289 195 3343 iu
210 3286 316 3358 pnibrts
331 3285 404 3342 44444
413 3284 471 3340 dees
480 3286 537 3368 suit
550 3286 622 3356 serio
632 3283 723 3349 tertio,
740 3297 773 3339 ac
785 3298 876 3339 serrae
889 3290 991 3353 sentus,
1006 3286 1056 3356 qui
1066 3287 1179 3357 prefert
1192 3285 1266 3341 diem
1278 3285 1404 3353 sabbati,
1420 3286 1529 3342 44444444
1540 3288 1594 3358 suit
1608 3302 1655 3341 au.
1670 3287 1735 3356 446,
1750 3287 1793 3343 444

90 3358 148 3423 457,
162 3374 231 3414 cum
242 3357 305 3413 dies
318 3361 413 3413 4444444
427 3356 498 3412 tntu
512 3357 543 3411 ia
554 3355 696 3411 sabbatum
710 3353 817 3409 incidit.

122 3430 198 3487 444444
213 3428 276 3485 dies
290 3427 370 3483 leriae
386 3432 506 3501 quartae,
520 3429 568 3500 qui
582 3440 706 3481 44444444
719 3432 813 3508 quarto
828 3423 1002 3497 4444444444,
1018 3442 1080 3482 cum
1092 3427 1148 3483 otio
1163 3429 1319 3484 4444444444
1332 3427 1454 3498 rimam
1468 3428 1600 3482 sennonis
1615 3442 1670 3483 4444
1685 3427 1795 3484 uidetur

237 3502 335 3555 ‚Nam
348 3498 393 3554 444
405 3514 493 3554 senno
507 3500 651 3570 4444444444
665 3496 775 3551 boletus
787 3497 843 3567 init
857 3512 920 3551 cum
933 3495 983 3551 sub
998 3496 1113 3552 initium
1128 3497 1224 3555 4444444
1236 3500 1337 3554 erroris
1351 3500 1441 3553 444444
1489 3500 1580 3552 eretur
1595 3497 1724 3555 aduersus
1737 3500 1795 3555 na-

90 3515 307 3637 mnida
319 3570 356 3625 ad
370 3570 417 3626 bos
426 3568 583 3641 minentior
597 3567 670 3639 apud
719 3566 855 3638 esbpteros
883 3565 911 3622 S.
925 3568 1053 3645 pontifex
1066 3568 1205 3625 auditores
1232 3570 1334 3625 4444444
1347 3585 1406 3639 cop.
1424 3568 1449 3623 4.
1478 3567 1496 3621 d
1510 3570 1601 3623 autem
1616 3584 1707 3624 mense
1721 3570 1795 3626 iulio

91 3644 215 3698 44444444
225 3642 283 3698 soli
297 3656 372 3697 anno
386 3641 450 3711 444,
461 3657 527 3696 nom
536 3654 608 3695 anno
619 3638 672 3694 443
684 3583 829 3694 ffinieboei
838 3652 869 3693 eo
882 3653 974 3694 mense
987 3638 1109 3694 44444444
1123 3640 1221 3695 detecti
1233 3642 1360 3712 pinam:
1373 3640 1462 3694 444444
1476 3654 1538 3694 uero
1552 3638 1624 3694 bunc
1642 3654 1795 3694 4444444444

87 3715 234 3784 poducere
249 3727 339 3784 4444444
348 3711 384 3768 od
395 3727 501 3767 annom
515 3711 576 3778 449,
592 3710 634 3765 444
651 3710 713 3781 455,
728 3709 771 3765 444
783 3709 845 3773 460,
861 3710 891 3764 in
911 3709 1010 3780 quibus
1024 3710 1083 3767 dier
1092 3715 1185 3767 4444444
1198 3711 1412 3770 44444444444444
1423 3725 1484 3767 eum
1494 3710 1567 3781 ferio
1576 3713 1675 3780 quarta
1683 3709 1793 3766 444444-

90 3800 165 3841 mone
178 3783 341 3855 4444444444,
353 3782 550 3839 llonicbceismi
564 3787 655 3838 444444
669 3779 768 3837 detecti
780 3781 862 3836 initia
875 3795 927 3851 nep
985 3796 1051 3837 nom
1064 3784 1167 3839 444444.
1184 3785 1246 3839 Aac
1259 3783 1407 3854 difficultas
1420 3780 1453 3837 de
1466 3781 1588 3837 indicata
1602 3796 1620 3837 a
1634 3780 1722 3837 44444
1735 3782 1794 3838 alio

90 3856 280 3927 cumaena
293 3853 480 3921 solemnitate,
491 3854 675 3979 cujasprima
698 3851 765 3920 dies,
777 3851 916 3934 eidempae
928 3796 1059 3923 Μ4413444444
1077 3856 1168 3926 prima
1194 3855 1314 3910 collectio
1325 3869 1398 3910 anno
1414 3853 1474 3917 444,
1505 3851 1633 3907 inciderit
1646 3869 1676 3925 in
1691 3852 1794 3908 leriam

91 3933 235 3998 amnem,
250 3927 439 3998 44444ίοὶ44444
453 3926 571 3998 injecere
586 3966 592 3980 .
608 3927 644 3980 At
670 3938 733 3979 cum
745 3923 827 3978 natta
839 3922 899 3977 oleo
913 3939 1087 3994 papauerum
1100 3926 1267 3991 rennuitae,
1282 3942 1342 3997 pau
1368 3922 1481 3996 perinde
1496 3927 1668 3993 conpruemt,
1683 3923 1795 3979 inuenta

89 3998 161 4055 aab&
172 4000 274 4071 sacru,
289 3997 366 4053 nulli
378 4004 470 4053 4444444
484 3996 597 4052 44444444
609 3994 798 4066 superstitioni
809 3996 899 4062 444444
913 3996 1078 4051 cummiani
1090 3997 1184 4054 caeteri
1202 4013 1295 4053 omnes
1321 3997 1419 4052 torum
1431 4010 1586 4051 4444444444
1612 3993 1793 4066 characteres,

91 4085 169 4140 44444
182 4069 259 4125 ludes
286 4067 505 4139 Apollinaribus,
521 4068 570 4140 qui
594 4066 639 4122 die
652 4073 731 4121 secta
743 4065 815 4121 iulii
838 4064 1055 4135 inchoabantur,-
1082 4068 1211 4125 mendum
1230 4067 1260 4125 in
1276 4067 1354 4125 serie
1370 4072 1479 4140 quarte
1493 4067 1660 4122 notationem
1673 4081 1798 4123 44444444

91 4146 184 4210 roario
198 4141 348 4213 irrepsisse
362 4140 541 4195 arbitramur.
559 4137 695 4209 Perfacile
721 4139 813 4192 autem
825 4137 882 4207 suit
907 4139 1120 4194 amanuensium
1134 4139 1331 4196 alltucinotione
1358 4138 1460 4196 teriam
1474 4140 1618 4210 quadam
1633 4135 1732 4206 444444,
1746 4146 1795 4195 out

89 4214 205 4270 nubere
212 4227 266 4285 pro
282 4208 357 4267 laria
372 4209 496 4283 quinta;
511 4224 645 4283 puerone
660 4225 707 4275 aa,
719 4208 772 4264 444
783 4208 923 4264 concurrit
936 4221 999 4265 cum
1013 4207 1059 4265 die
1071 4209 1186 4266 meando
1201 4226 1288 4266 nonos
1301 4210 1386 4268 latii.

321 4351 369 4410 ²7
391 4349 514 4408 sunnio
529 4349 565 4407 Vl
584 4349 628 4422 [At
647 4349 692 4421 Vl.
930 4330 1052 4398 Aonim
1066 4336 1096 4390 te
1108 4333 1259 4391 abundare
1271 4331 1374 4402 voluit,
1388 4336 1422 4389 ut
1448 4346 1499 4404 per
1513 4334 1542 4388 te
1565 4329 1643 4387 olins
1654 4345 1713 4387 nen
1729 4347 1795 4405 ege·

396 4441 435 4495 De
447 4439 573 4497 (44444444
586 4438 608 4494 1,
973 4426 1028 4491 ret,
1044 4426 1073 4480 et
1087 4440 1139 4496 per
1167 4423 1365 4480 ministerium
1395 4420 1492 4494 operis
1511 4419 1555 4477 tui
1585 4434 1744 4493 pauperem
1759 4420 1797 4477 ab

90 4542 236 4586 mom,
252 4560 289 4570 -
304 4528 428 4586 giumo,
446 4544 494 4586 ,ω
515 4524 747 4584 mmmmm
758 4525 917 4597 mamma,
974 4511 1113 4586 egestatis
1127 4512 1236 4580 lehore,
1251 4516 1370 4585 tequea
1394 4514 1577 4584 peccatorum
1607 4507 1797 4566 multitudine

206 4602 386 4657 Dominicam
399 4545 574 4657 collectorum
589 4597 682 4654 adesse
696 4599 797 4653 monet.
972 4599 1120 4659 liberaret.
1136 4601 1158 4658 0
1173 4601 1249 4657 mira
1259 4598 1440 4674 providentio
1452 4598 1492 4671 (4)
1502 4600 1532 4654 44
1545 4595 1662 4654 bonitus
1682 4595 1798 4654 Creato-

91 4702 189 4764 llultis
202 4705 377 4764 divinarum
407 4706 627 4780 scripturarum
655 4702 837 4760 testimoniis
851 4703 919 4760 edo·
972 4691 1026 4759 15⁸2
1037 4695 1070 4747 ul
1084 4707 1142 4747 440
1161 4691 1236 4747 saiw
1262 4688 1378 4745 d⁰⁰bl²⁸
1398 4686 1485 4744 vellet
1512 4701 1579 4742 ⁰⁵⁸0
1602 4687 1796 4744 ⁸⁰⁰⁰l¹l⁸uml

92 4809 187 4851 mur
196 4802 347 4870 quantum
359 4793 612 4868 eleemogpnamm
624 4792 800 4850 manumet
809 4796 920 4865 quma
971 4779 1102 4837 Ventura
1118 4780 1208 4852 igitur
1222 4776 1373 4835 Dominica
1386 4775 1460 4844 dies,
1482 4773 1671 4832 collectarum
1697 4775 1800 4833 lutura

92 4882 241 4942 uinctus.
251 4883 372 4942 Certum
385 4888 430 4942 est
439 4883 518 4940 enim
531 4895 774 4954 unumquemque
783 4884 933 4938 nostrum,
973 4873 1040 4935 est..
1052 4869 1157 4925 llortor
1170 4872 1199 4924 et
1212 4881 1317 4923 moneo
1332 4866 1520 4921 sanctitatem
1535 4868 1674 4932 vestram,
1690 4868 1722 4920 ut
1736 4865 1798 4922 sin·

94 4969 919 5047 animaesueebenefacereqnotieemisericordiasucino·
973 4957 1035 5032 844Ῑὶ
1050 4957 1159 5030 quique
1170 4960 1198 5013 θῐ
1208 4970 1382 5029 mulierum,
1398 4953 1594 5011 mssmisssslstlfl
1609 4953 1752 5022 sivestri,
1769 4958 1799 5010 04

95 5059 142 5129 pie
155 5062 308 5123 succurrit
323 5060 434 5119 alione.
450 5062 589 5134 Prompta
602 5074 682 5132 ergo,
693 5056 920 5129 dilectissimi,et
973 5063 1026 5121 pro
1040 5044 1233 5121 possibilitate
1247 5044 1355 5100 virium
1369 5048 1534 5099 vestrarum
1559 5040 1730 5114 intelligatis
1746 5041 1796 5099 28

96 5146 185 5205 4444444
198 5151 281 5224 apud
295 5166 351 5208 nos
361 5149 483 5225 largitas
498 5164 562 5206 esse
573 5148 668 5218 debet,
678 5146 702 5202 ei
726 5146 873 5203 credimus
889 5146 918 5205 id
973 5135 1003 5192 51¹
1018 5134 1172 5210 flsstssllbufl
1186 5132 1347 5198 Christum·
1363 5131 1412 5205 (4ὓὶ
1427 5135 1543 5188 lanium
1563 5129 1797 5227 11⁰b5⁸illlll>5l0⁸

96 5236 402 5315 &lucumquemque
412 5243 550 5314 praestaro
560 5236 637 5311 qood
650 5234 852 5308 indigentibus
863 5235 918 5291 tri·
974 5223 1198 5289 commendavit,
1225 5226 1257 5276 ut
1271 5237 1302 5277 se
1318 5221 1347 5276 in
1373 5219 1445 5293 ipsis
1475 5217 1572 5276 vertiri
1588 5233 1621 5272 ac
1636 5230 1745 5286 suscipi
1757 5214 1795 5289 (4)

96 5322 163 5383 buil,
174 5327 544 5386 Thmuwmenimsuum
554 5325 652 5384 pondu
662 5323 692 5381 in
703 5322 774 5380 coelo
784 5323 919 5396 quirum.
972 5316 1142 5381 testaretur,
1157 5315 1186 5367 et
1200 5309 1278 5383 pasci
1296 5307 1415 5366 Chistus
1425 5308 1568 5365 Dominus
1578 5308 1676 5360 nostor
1690 5303 1795 5375 (4444444.

96 5418 168 5471 llum
183 5416 279 5489 puscit
293 5416 325 5473 in
340 5433 479 5490 paupere.
487 5415 700 5488 Benignitatem
711 5412 813 5485 itaque
822 5412 853 5468 in
864 5412 920 5469 hoo
972 5421 1038 5471 xxv,
1055 5404 1109 5477 40),
1124 5401 1174 5474 qui
1190 5416 1257 5457 cum
1272 5399 1367 5467 Patre,
1383 5403 1412 5456 et
1434 5400 1535 5455 sancto
1558 5392 1668 5465 Spiritu
1682 5391 1754 5449 vivit
1768 5397 1798 5451 et

96 5506 122 5556 et
133 5503 386 5576 dispensationem
403 5504 510 5562 diuina
526 5502 642 5578 pietatis
658 5515 792 5575 agnosce.
810 5500 919 5558 idcirco
972 5497 1075 5566 regnat
1089 5491 1118 5547 in
1134 5488 1242 5548 taeclllt
1255 5487 1427 5545 seculorum
1442 5489 1543 5542 Amen·

11 5692 13 5757 ζ
126 5689 165 5831 pp
181 5691 421 5749 Vocesmbonitas
435 5692 544 5749 desunt
556 5689 587 5746 in
602 5687 698 5764 prima
708 5685 846 5770 editipne.
885 5758 891 5770 ⁴
972 5684 1184 5747 tunturvooes
1212 5672 1639 5747 eumPatreetSpiritusonoto.

139 5760 155 5815 4
180 5758 919 5837 lis.Vallio.,testetur.lloxiueodemcodroeomrt·
