4050 6175
333 264 392 327 615
894 262 928 325 S.
950 261 1091 325 tnesis
1113 259 1238 326 MAGNI
1261 260 1478 327 EPISTOLAE.

370 399 547 472 apostolicam
562 398 676 469 referre.
688 428 721 437 -
734 397 782 452 Vl.
798 396 893 454 Conse
906 398 1044 468 praetores
1054 397 1096 451 ool
1111 413 1160 469 op·
1174 397 1202 465 Α
1217 396 1403 469 baptismatis
1418 400 1462 452 est
1477 399 1642 464 renovatus,
1659 394 1798 468 acceperit,
1813 414 1871 454 cum
1888 397 1907 454 ir

365 471 529 543 pollutiones
543 468 652 539 lllyrici
664 468 722 523 sedi
734 469 890 541 apostolice
904 472 1091 524 reserrentur.
1216 484 1335 542 figmata
1357 490 1475 558 peccat,
1499 483 1661 553 deleantur,
1678 500 1733 539 non
1747 502 1858 541 „mmm
1878 504 1907 541 nu

335 576 538 643 Dilectissimis
555 575 694 631 iratribus
706 575 851 647 episcopis
863 573 1095 646 metropolitanis
1112 591 1162 647 per
1216 575 1383 648 abrogetur.
1400 573 1477 629 Adeo
1498 578 1596 629 autem
1619 573 1649 629 in
1674 574 1870 639 excusationem
1892 593 1907 630 s

370 647 516 720 fimum
532 647 701 703 θῦὓθῑῑωῑῑῧ
718 647 786 701 LEO·
1215 663 1371 720 obtendere
1386 680 1443 719 non
1467 661 1582 735 poterit,
1607 668 1640 717 ut
1660 678 1756 718 eorum
1779 679 1808 719 se
1827 669 1907 736 patrer

368 755 437 811 Gne.
449 755 512 810 l.-
523 752 626 809 Omnis
648 750 809 808 admonitio
834 743 1089 824 salutaris,‘quam
1104 751 1161 807 Do·
1214 769 1292 817 rum,
1305 768 1378 824 quos
1391 756 1457 807 ante
1474 750 1655 823 baptismum
1675 750 1834 824 susceperit,
1849 768 1907 824 nege

335 842 417 899 mino
433 842 581 898 credimus
597 840 745 912 aspirante
759 840 936 915 contingere,
951 841 981 896 in
996 840 1161 897 mercedem
1214 840 1318 914 pessit.
1328 841 1427 913 Neque
1441 839 1519 896 enirn
1535 857 1607 896 uxor
1622 856 1685 912 qus
1700 856 1733 895 ea
1746 839 1815 913 legis
1826 856 1907 912 prece

332 930 449 1005 prolicit
460 929 607 986 monentis
622 932 650 985 et
663 928 767 985 moniti
777 947 784 998 3
796 933 825 984 et
835 929 899 985 ideo
909 946 962 984 nos
973 929 1029 985 hoc
1038 928 1162 985 libenter
1215 930 1300 995 citur,
1316 928 1393 986 inter
1407 934 1526 1002 peccata
1541 945 1604 1001 qus
1620 928 1779 985 abluuntur
1793 928 1907 1001 baptism

332 1020 501 1094 arripimus,
509 1018 648 1091 qnoniam
664 1016 781 1092 placere
802 1017 859 1075 Dee
872 1022 972 1074 nostro
987 1034 1045 1073 non
1064 1015 1160 1073 solum
1214 1018 1281 1074 terit
1296 1018 1456 1074 numerari.

331 1108 451 1175 nostris,
460 1107 510 1164 sed
522 1107 655 1163 omnium
668 1107 791 1162 fratrum
803 1100 1103 1178 consacerdotumque
1114 1122 1161 1162 ne
1250 1110 1316 1164 Cur.
1332 1109 1380 1167 IV.
1392 1139 1426 1150 -
1435 1108 1477 1163 Ad
1490 1107 1634 1179 synodum
1648 1107 1821 1180 quicumque
1832 1105 1907 1162 luerit

331 1203 460 1255 atrorum
481 1196 596 1253 actibus
613 1193 799 1250 festinamus.
814 1195 846 1250 ln
866 1197 996 1251 nostram
1012 1194 1091 1251 enim
1115 1211 1161 1250 re·
1213 1202 1262 1253 tus
1277 1201 1419 1266 occurrat,
1437 1211 1490 1250 nec
1509 1195 1726 1268 congregationi
1741 1212 1771 1251 se
1789 1195 1907 1268 deneget,

332 1285 423 1344 currit
437 1285 575 1359 gratiam,
592 1283 616 1338 si
637 1282 772 1339 Ecclesia
797 1282 839 1339 sic
863 1288 1001 1356 regantur
1016 1288 1048 1338 ut
1062 1281 1161 1340 nullus
1214 1287 1250 1341 ad
1267 1287 1358 1342 Deum
1372 1284 1551 1357 pertinentes
1564 1301 1668 1340 causas
1679 1284 1907 1341 noveritessetro

332 1373 525 1448 querimoniis
541 1372 639 1428 aditus
665 1376 819 1427 reseretur.
833 1372 878 1427 Sit
893 1372 990 1443 itaque
1012 1371 1160 1428 dilectioni
1214 1377 1248 1446 (et
1253 1416 1318 1431 ......
1330 1373 1477 1446 Quidquid
1493 1389 1660 1443 causarum,
1672 1377 1705 1429 ut
1718 1370 1907 1438 essolet,inter

330 1467 444 1535 vestre,
456 1463 560 1517 fratres
576 1460 754 1526 charissimi,
764 1460 858 1517 dulcis
881 1466 910 1517 et
929 1462 1062 1532 jucunda
1085 1479 1159 1534 proe-
1214 1464 1345 1520 cerdotes
1356 1461 1494 1530 evenerit,
1505 1462 1569 1534 ejus
1582 1461 1628 1517 cni
1643 1461 1734 1517 vicem
1750 1466 1874 1518 nostram
1885 1477 1907 1517 cr

240 1556 243 1561 '
330 1552 437 1626 ceptio,
454 1568 543 1624 quam
567 1552 603 1606 do
626 1550 705 1606 sedis
722 1549 885 1621 apostolice
902 1550 1083 1619 auctoritate,
1100 1569 1159 1607 ser·
1214 1540 1419 1608 museuamini
1429 1556 1593 1607 reservetur
1605 1567 1612 1608 :
1625 1550 1715 1606 utillo
1723 1551 1778 1607 suh
1788 1550 1837 1606 Dei
1846 1548 1907 1605 timo

328 1647 396 1698 vata
410 1639 560 1698 charitatis
585 1639 688 1712 gratia,
706 1656 824 1695 manare
840 1639 982 1708 noscatis;
1000 1657 1053 1695 nec
1077 1639 1160 1696 vobis
1213 1640 1277 1697 sule
1287 1641 1383 1698 omnis
1392 1639 1570 1712 ambiguitas
1580 1639 1708 1695 finiatur.
1719 1638 1796 1695 Nihil
1807 1638 1835 1694 in
1845 1640 1905 1710 ejus

331 1731 440 1804 aliquid
451 1729 530 1801 juris
546 1727 678 1809 credatis·
688 1725 837 1798 imminui,
851 1729 875 1784 si
891 1734 950 1784 tam
968 1728 1160 1807 presentibus
1173 1766 1198 1832 B
1213 1735 1316 1797 stram,
1332 1732 1433 1785 centra
1448 1728 1509 1784 hec
1524 1745 1589 1800 que
1604 1727 1825 1794 constituimus,
1844 1744 1907 1800 pres

330 1818 420 1894 quam
436 1818 544 1874 suturis
568 1817 656 1874 rebus
679 1817 812 1883 videatis,
829 1834 865 1873 ne
880 1816 991 1874 illicitis
1016 1834 1158 1891 praesum-
1212 1819 1363 1893 iujuriam.
1375 1819 1446 1889 Ejus
1461 1817 1546 1874 nobis
1562 1816 1712 1887 relatione,
1726 1817 1751 1873 si
1767 1817 1833 1889 quis
1848 1816 1907 1872 adr

330 1908 483 1981 ptiouihus
494 1910 640 1963 reseretur
650 1905 758 1973 aditus,
770 1905 933 1979 precaveri.
943 1906 1071 1963 Gnarum
1080 1907 1158 1963 enim
1212 1910 1337 1966 rendum
1348 1908 1445 1974 suerit,
1458 1906 1773 1963 innotescatzitaeuim
1781 1906 1874 1963 vosad
1884 1904 1907 1960 il

330 1995 585 2068 usurpationibus,
620 1999 777 2068 antequam
815 1999 974 2061 tententur,
1006 1996 1158 2062 obsistere,
1213 1997 1461 2065 tinerevolumns,
1474 2001 1506 2050 ut
1521 1997 1557 2050 ad
1572 2012 1623 2052 vos
1645 1996 1864 2068 provinciarum
1877 2011 1907 2049 ve

331 2101 420 2159 quam
437 2101 501 2156 que
517 2086 658 2155 usurpata
673 2081 782 2138 luerint
795 2083 952 2139 vindicare.
1214 2087 1359 2161 pertinent
1372 2085 1548 2142 sacerdotes.
1561 2084 1616 2149 Qui
1631 2100 1700 2157 crgo
1712 2086 1784 2156 jure
1799 2083 1854 2140 sibi
1877 2083 1907 2138 de

367 2175 436 2230 Cur.
453 2171 488 2229 tl.
501 2203 535 2212 -
548 2172 582 2227 Et
596 2171 665 2243 quia
680 2188 732 2244 per
746 2188 848 2228 omnes
862 2172 1007 2229 Ecclesiae
1022 2190 1093 2230 cura
1107 2190 1158 2229 no·
1213 2176 1346 2249 cupiunt,
1358 2173 1523 2246 apostolice
1545 2173 1624 2230 sedis
1643 2172 1820 2229 auctoritate
1840 2188 1907 2228 oona

332 2267 395 2319 stra
410 2261 600 2327 distenditur,
615 2260 747 2333 exigente
761 2261 815 2317 hoc
831 2278 847 2317 a
862 2260 947 2317 nohis
961 2262 1095 2331 Domino,
1108 2263 1158 2335 qui
1213 2282 1297 2322 suam
1315 2262 1530 2320 contumaciam
1545 2261 1723 2319 imminuere
1738 2279 1798 2318 non
1811 2261 1907 2316 nitent

334 2349 501 2425 apostolice
514 2348 667 2422 dignitatis
678 2349 848 2406 beatissimo
863 2350 994 2422 apostole
1005 2351 1088 2408 Petro
1103 2352 1161 2424 pri·
1247 2358 1315 2410 Gur.
1331 2357 1366 2408 V.
1377 2382 1411 2396 —
1437 2351 1474 2408 Ut
1496 2368 1563 2407 vcro
1586 2356 1689 2409 vestre
1715 2349 1871 2408 dilectioni
1892 2367 1907 2423 p

331 2445 444 2497 matum
456 2440 494 2511 (o)
509 2437 576 2494 fidei
593 2454 654 2493 sue
670 2438 904 2495 remuneratione
919 2439 1076 2510 commisit,
1092 2440 1158 2497 uni·
1213 2461 1272 2500 sua
1288 2442 1433 2499 ordinatio
1448 2440 1629 2514 permittitur
1650 2441 1854 2508 sacerdotum,
1869 2439 1907 2493 ita

330 2528 472 2587 versalem
486 2525 643 2582 Ecclesiam
661 2525 690 2581 in
705 2527 887 2582 fundamenti
898 2526 936 2599 (b)
949 2527 1043 2600 ipsius
1059 2527 1157 2585 solidi·
1212 2539 1242 2589 et
1256 2532 1461 2603 coepiscopum
1486 2532 1619 2587 nostrum
1640 2528 1837 2586 Anastasium
1852 2527 1907 2583 der

331 2623 390 2675 tate
407 2615 600 2681 constituens,
621 2615 824 2671 necessilatem
840 2615 1046 2673 sollicitudinis
1070 2634 1157 2689 quam
1213 2623 1250 2677 do
1265 2619 1395 2676 antistite
1409 2617 1546 2674 volumus
1567 2616 1743 2674 consulatis.
1760 2617 1816 2674 Cui
1832 2621 1907 2672 metr

332 2706 487 2770 habemus,
499 2721 567 2759 cum
582 2703 630 2758 bis
645 2703 694 2775 qui
707 2704 793 2759 nohis
808 2703 920 2777 collegii
936 2705 1077 2761 charitate
1087 2707 1158 2779 jun·
1213 2708 1340 2783 episcopi
1356 2706 1604 2764 consecrationem
1620 2705 1784 2762 statuimus
1801 2721 1907 2762 reserva

332 2794 370 2850 cti
388 2796 459 2848 sunt
473 2793 632 2847 sociamus.
644 2792 740 2847 t'icem
765 2791 863 2864 itaque
888 2799 1017 2849 nostram
1034 2794 1114 2850 fratri
1131 2800 1159 2851 ct
1214 2798 1387 2870 inquisitore
1402 2801 1489 2869 atque
1504 2796 1634 2864 custode,
1647 2811 1715 2852 cum
1734 2793 1907 2851 certuslicev

332 2881 503 2953 coepiscopo
527 2882 627 2935 nostro
653 2881 817 2948 Anastasio,
839 2883 930 2937 secuti
955 2899 1056 2939 corum
1081 2885 1158 2941 (118
1213 2889 1268 2943 dus
1295 2884 1560 2958 impertinente
1590 2883 1800 2939 ecclesiesticae
1830 2880 1907 2951 disci]

332 2968 511 3041 exemplum,
524 2984 649 3041 quorum
661 2968 746 3024 nohis
759 2970 920 3025 recordatio
930 2974 975 3026 est
984 2972 1157 3041 veneranda,
1213 2976 1351 3032 omnibus
1371 2974 1441 3030 ordo
1466 2978 1605 3029 servetur.
1622 2972 1725 3044 ipsum
1741 2987 1814 3027 vere
1826 2971 1865 3043 (s)
1890 2987 1907 3025 s

333 3058 548 3127 commisimus,
561 3062 589 3114 et
604 3062 636 3114 ut
651 3055 689 3114 sit
712 3057 740 3113 in
766 3058 903 3132 speculis,
916 3077 952 3117 ne
975 3060 1045 3134 quid
1073 3061 1157 3118 illici·
1214 3064 1334 3122 delinita
1353 3079 1498 3121 cononum
1523 3061 1577 3118 hoc
1600 3065 1698 3118 vestra
1722 3060 1849 3117 dilectio
1879 3058 1907 3132 tq

331 3154 395 3206 tum
413 3147 596 3220 equaquam
618 3153 823 3220 presumatur,
847 3149 1030 3221 injunximus
1044 3170 1051 3208 z
1065 3152 1112 3208 cui
1126 3152 1156 3209 in
1172 3130 1194 3199 G
1214 3153 1346 3228 epistolis
1366 3152 1548 3209 admonitum
1575 3166 1639 3207 esse
1663 3154 1844 3224 cognoscat,
1858 3154 1892 3206 ut

332 3238 378 3298 his
394 3253 459 3311 quse
483 3238 519 3294 ad
539 3236 765 3293 ecclesiasticam
790 3239 936 3311 pertinent
959 3240 1156 3313 disciplinam,
1212 3241 1407 3301 Ecclesiarum
1423 3246 1586 3298 vestrarum
1604 3239 1745 3296 certiores
1763 3238 1896 3296 subinde

331 3326 1157 3400 utdilectiovestrapareat,admonemus.Nonenimtam
1212 3333 1290 3390 tione
1305 3348 1359 3387 nos
1384 3330 1486 3398 lociat;
1502 3329 1631 3385 sciturus
1657 3327 1714 3383 sibi
1742 3344 1761 3384 a
1788 3328 1881 3385 nohis
1905 3328 1907 3351 ³

330 3417 372 3474 illi
389 3416 639 3489 obtemperabitur
660 3432 748 3488 quam
775 3417 870 3487 nobis,
886 3419 937 3491 qni
961 3417 1016 3475 hoo
1039 3419 1082 3476 illi
1106 3437 1158 3493 pro
1212 3423 1295 3490 dum,
1311 3418 1421 3492 siquid
1445 3420 1481 3474 de
1505 3418 1552 3474 his
1576 3433 1642 3490 quaa
1665 3417 1839 3473 statuimus
1862 3434 1881 3474 a
1905 3441 1907 3464 ι

331 3511 431 3564 nostra
446 3504 644 3563 sollicitudine
664 3523 716 3580 per
737 3505 803 3563 illas
828 3509 993 3581 provincias
1007 3511 1158 3583 cognosci·
1212 3511 1300 3567 luerit
1315 3511 1497 3566 temeratum.

331 3614 399 3653 mur
411 3594 607 3652 commisisse.
1248 3600 1315 3655 Cur.
1332 3596 1467 3654 v1.-si
1484 3612 1548 3667 que
1562 3610 1629 3650 vero
1652 3610 1753 3650 causas
1776 3594 1907 3668 gravior«

365 3685 433 3741 Cer.
451 3684 498 3740 llI.
511 3683 700 3740 —Volumus
715 3685 794 3740 enim
811 3683 886 3741 tales
901 3685 963 3742 fieri
981 3688 1102 3743 Domino
1115 3704 1159 3743 sa·
1212 3687 1384 3762 pellationes
1399 3683 1582 3749 emerserint,
1598 3700 1648 3740 eas
1668 3682 1725 3738 snb
1743 3683 1850 3757 ipsius
1867 3679 1907 3739 rei

330 3775 472 3840 cerdotes,
486 3772 594 3844 quibus
605 3776 711 3828 cuncta
722 3774 905 3840 conveniant,
915 3791 979 3845 quae
992 3773 1159 3833 sunteccle-
1213 3795 1266 3834 nos
1281 3777 1358 3833 mitti
1380 3775 1485 3831 debere
1500 3772 1540 3846 (lv)
1556 3772 1755 3839 decrevimus,
1773 3778 1812 3829 ut
1839 3776 1907 3828 nost

331 3861 459 3919 siasticis
473 3860 637 3916 canonibus
658 3860 853 3933 definita:(c)
869 3866 901 3916 ut
922 3863 1060 3935 episcopi,
1077 3881 1158 3937 pres1
1212 3868 1283 3923 dum
1307 3863 1540 3921 ecclesiasticum
1569 3878 1681 3918 morem
1713 3862 1880 3918 sententia

332 3950 425 4024 hqteri
439 3954 526 4021 atque
537 3947 651 4004 diaconi
662 3950 745 4004 ontio
755 3952 852 4006 uxore
861 3952 916 4006 oiri
925 3949 1157 4009 sintsecundum
1213 3957 1278 4013 llaec
1292 3971 1360 4010 vero
1374 3970 1437 4026 quas
1455 3969 1506 4025 per
1526 3951 1620 4007 lilium
1640 3966 1742 4006 meum
1761 3950 1908 4007 Nicolanr

333 4038 410 4094 beati
438 4035 568 4110 Apostoli
599 4038 772 4093 sententiam
789 4039 812 4109 (l
827 4039 894 4093 tina
910 4055 952 4105 m,
967 4040 1006 4111 2),
1030 4045 1058 4096 et
1083 4042 1159 4100 hauc
1212 4050 1308 4102 terum
1324 4042 1433 4116 scripta
1448 4039 1609 4098 direximus
1633 4040 1875 4096 recurrentibus
1901 4039 1908 4094 l

331 4126 496 4183 secundum
519 4124 593 4198 legis
616 4131 758 4199 precepta
772 4127 914 4200 virginem
931 4129 968 4201 (d)
983 4133 1157 4203 acceperint,
1213 4152 1264 4192 vos
1279 4135 1380 4191 eadem
1397 4131 1526 4188 sciamus
1541 4129 1697 4202 accepisse,
1715 4130 1901 4186 rescribite.

333 4232 392 4272 non
406 4214 536 4284 viduam,
552 4231 610 4269 nen
626 4214 819 4287 repudiatam,
836 4215 912 4273 sicut
925 4217 999 4292 legis
1013 4219 1159 4292 scriptura
1212 4223 1260 4280 dic
1274 4223 1342 4277 idus
1360 4218 1517 4276 lanuarias
1542 4216 1705 4273 Theodosio
1727 4234 1809 4274 xvrrr
1826 4222 1859 4274 et
1874 4216 1907 4273 Α]

327 4307 454 4361 testatur
468 4304 565 4377 (tecit
582 4320 639 4371 xxr,
657 4303 702 4375 13,
719 4305 767 4372 14;
783 4305 878 4362 Enoch.
892 4323 965 4377 ων,
981 4311 1039 4376 22).
1055 4309 1112 4365 Nec
1127 4327 1158 4366 se
1213 4311 1338 4370 solibus.

329 4393 487 4467 quisquam
513 4392 638 4449 estimet
662 4410 748 4465 posse
774 4394 810 4450 sd
834 4397 1031 4454 sacerdotium
1055 4416 1158 4471 perve-
1487 4395 1655 4452 EPISTULA
1671 4397 1704 4468 (i)
1720 4394 1775 4452 vl.

330 4484 402 4552 nire,
420 4482 555 4555 quiante
579 4481 772 4555 baptismum,
789 4483 942 4541 deficiente
965 4503 1054 4559 quam
1070 4487 1198 4565 habe-1)
1239 4492 1274 4565 (j)
1289 4507 1325 4547 ao
1340 4503 1520 4545 nnnsrnsruu
1534 4501 1841 4543 rnsssunonmnrrsear
1860 4503 1907 4542 err

330 4572 390 4640 hat,
406 4589 506 4638 uxore,
519 4571 640 4627 alteram
652 4588 781 4641 rursum,
793 4577 948 4646 postquam
964 4579 1155 4650 pergratiam
1211 4584 1359 4640 suriensis
1371 4609 1405 4618 -
1422 4578 1443 4632 1.
1461 4581 1496 4633 tlt
1511 4576 1595 4631 tonos
1608 4578 1701 4647 postor
1714 4574 1754 4630 od
1772 4576 1907 4631 sollicite

365 4696 453 4766 (atla
468 4694 596 4751 editione
613 4695 754 4753 Holstenii
779 4699 1030 4771 typographorum
1053 4721 1160 4778 errore,
1216 4698 1827 4828 etesiumscriptamvidenturinnuere,in
1838 4717 1907 4774 qua

329 4768 463 4894 fulcient.
479 4766 779 4833 emendationesque
798 4787 856 4841 qua
877 4773 1053 4837 Quosnellus
1068 4785 1128 4836 nol.
1146 4784 1158 4838 1
1216 4780 1370 4835 monuerat
1385 4792 1402 4829 u
1430 4773 1465 4828 de
1479 4776 1551 4828 stetu
1563 4772 1747 4827 ltcclesiururn
1761 4777 1907 4828 rresrrare

340 4855 357 4895 o
380 4842 472 4904 uitur,
488 4838 667 4892 Barhcrinus
682 4840 771 4894 roricx
786 4842 899 4911 prohat.
1212 4851 1339 4906 certiores
1353 4844 1468 4901 sutrinde
1482 4860 1533 4898 sno
1556 4843 1689 4899 relatione
1710 4858 1766 4898 nos
1798 4845 1907 4915 fucere

359 4855 411 5035 (1ὺέ
421 4909 494 4964 Vide
504 4915 604 4990 notam
616 4917 634 4963 2
645 4910 801 4979 Quesnelli,
811 4914 861 4984 qui
873 4914 983 4970 urarult
994 4915 1050 4991 legi
1067 4920 1159 4992 istius,
1214 4921 1243 4977 in
1255 4917 1386 4992 sequenti
1398 4914 1521 4988 epistola
1534 4913 1734 4995 prescriptum
1750 4931 1822 4970 non
1835 4914 1907 4987 legi

330 4984 360 5037 et
375 4998 392 5037 o
413 4985 608 5037 servationem
624 4986 764 5036 nostram.
1213 5010 1276 5065 cap.
1290 4992 1315 5058 l,
1328 4988 1386 5044 illis
1401 4986 1520 5042 vocibus
1537 4986 1566 5040 in
1581 4985 1624 5041 tis
1638 4984 1758 5051 litteris,
1772 4987 1812 5041 in
1825 4987 1907 5057 quil>

365 5053 400 5124 (c)
415 5053 470 5108 Ms.
495 5050 591 5118 Barb.‚
608 5060 639 5106 ut
660 5054 809 5125 epr'scopoe,
833 5057 975 5129 presbyter
997 5064 1079 5133 utque
1097 5062 1158 5119 dic·
1211 5064 1396 5120 Eccloriernm
1414 5059 1542 5113 certiores
1560 5058 1657 5129 effecti,
1674 5054 1813 5112 indicari
1833 5055 1907 5116 vide

329 5140 422 5180 conus.
1213 5134 1296 5192 slusii
1313 5133 1425 5196 littere,
1437 5127 1545 5201 quihus
1561 5128 1597 5184 de
1612 5126 1749 5184 Ecclesiis
1769 5126 1900 5201 lllyrici

366 5196 404 5258 (d)
421 5195 505 5268 Apud
521 5195 651 5261 Haletos,
665 5200 694 5252 et
707 5195 737 5252 in
753 5214 822 5264 ms,
834 5201 980 5272 accipient.
997 5201 1056 5258 Cur
1070 5206 1159 5270 Oues-
1212 5207 1379 5262 memorate
1394 5200 1499 5257 Leonis
1520 5198 1713 5255 admonitioni
1737 5199 1907 5256 satistuce

329 5266 425 5324 neilus
440 5269 647 5334 emendaverit,
663 5268 729 5324 vide
744 5269 876 5340 ejusdem
892 5277 952 5327 not.
969 5272 996 5327 3.
1212 5275 1370 5335 scribendis
1387 5270 1519 5343 sequenti
1535 5269 1664 5342 epistole
1680 5270 1896 5326 occasionem

361 5339 400 5418 (c)
416 5340 527 5396 Puncta
541 5343 703 5415 adjecimus
716 5340 752 5396 ob
768 5341 956 5397 indicandam
972 5341 1078 5401 lineam
1090 5363 1157 5402 curn
1248 5347 1286 5421 (t)
1302 5347 1361 5403 Hoc
1377 5343 1527 5399 decretum
1543 5340 1724 5423 legiturcap.
1738 5341 1761 5395 5
1779 5340 1907 5414 epistol

330 5409 452 5465 dimidio
467 5411 495 5465 in
523 5429 578 5469 ms.
595 5413 713 5470 Barber.
729 5417 890 5480 vacantem,
906 5430 969 5484 que
989 5414 1100 5487 aliquid
1127 5419 1156 5474 in
1211 5420 1259 5486 lis,
1272 5437 1335 5492 que
1352 5431 1491 5471 unacum
1508 5412 1562 5468 hac
1577 5431 1605 5468 m
1619 5412 1771 5486 illyricum
1791 5417 1907 5469 transt

329 5481 481 5535 vetustiori
494 5484 601 5553 codice,
619 5484 697 5541 unde
716 5481 892 5538 Barbarinus
911 5486 1074 5558 exscriptus
1093 5489 1156 5556 luit,
1247 5493 1279 5563 (l)
1294 5490 1338 5545 ΑΙ.
1354 5489 1380 5545 l.
1394 5485 1462 5550 One
1486 5489 1584 5541 eutem
1608 5490 1670 5541 erat
1684 5486 1711 5553 o,
1728 5498 1827 5541 nuno
1861 5487 1892 5541 1.

331 5566 482 5607 corrosum
497 5558 526 5609 et
538 5556 574 5611 ah
589 5553 761 5613 amanuensi
785 5553 906 5610 minime
931 5556 1039 5613 lectum
1065 5559 1155 5634 signi·
1209 5563 1331 5618 ianuar.
1348 5575 1395 5615 an.
1411 5558 1473 5612 tte.

330 5620 410 5676 sscat.
447 5690 453 5703 Ι
1258 5624 1764 5713 itllecquoqueepistolaexeodem
1776 5625 1905 5682 codice

377 5694 405 5757 s)
420 5691 493 5746 Vnde
508 5698 569 5749 not.
586 5697 602 5751 l
617 5698 724 5762 Ouesn.
1211 5721 1244 5759 co
1258 5704 1391 5759 lectionis
1403 5702 1438 5753 16
1448 5697 1718 5755 Thessalonicensis
1732 5703 1899 5768 sumpta,

378 5763 499 5830 olVoces
512 5768 613 5822 nostris
627 5768 747 5895 edim
760 5766 848 5823 aliam
861 5768 1066 5826 anterioreme
1088 5771 1156 5829 isto
1211 5775 1305 5831 ctione
1319 5775 1451 5830 Romana
1475 5769 1616 5826 holstenii
1633 5769 1711 5827 edita
1723 5768 1787 5830 est,
1803 5782 1851 5823 ΘΧ
1870 5785 1907 5843 qt

330 5829 622 5908 hmasubsequenti
653 5838 788 5910 inensam,
797 5854 861 5916 que
871 5838 1054 5916 interimite
1083 5845 1158 5906 Ana·
1210 5845 1347 5912 caedor.
1370 5842 1474 5904 center
1488 5834 1907 5916 annotationemprimami
