4050 6175
259 307 317 372 aar
818 301 851 363 s.
873 295 1013 363 naonis
1034 289 1164 364 aaut
1183 292 1426 382 mucuns..
1879 305 1931 372 Μ

260 451 301 501 cta
316 443 395 507 tene,
411 442 437 494 et
451 435 626 506 moquc'ficent
640 435 752 490 Patrem
766 440 885 489 cestrum
899 434 948 504 qui
960 417 1123 499 in'caetisA
1170 432 1359 503 elemosynis,
1373 429 1421 487 ud
1432 438 1460 487 et
1471 429 1636 503 mmmmm
1649 431 1929 508 remissicueyepaaiou

261 541 301 590 333
314 529 417 599 (paup,
434 544 462 596 v,
478 524 535 595 46),
1174 512 1200 558 et
1215 503 1516 574 oratiouemfructaeso
1529 500 1617 559 recte
1913 583 1918 592 ¹

297 608 1084 685 Car.1V.—Gaudeigitur‚menstldelium,etglo·
1139 590 1286 647 (8888·-
1309 590 1475 647 88888888888
1490 590 1610 663 8888888
1637 596 1746 663 mim,
1761 593 1931 668 dilectissimi,

262 709 336 765 riam
345 711 426 763 tuam
435 702 466 758 in
477 700 700 775 ejusgloriaqui
709 701 738 756 in
747 704 1084 774 tecperaturagnoscens
1139 680 1275 736 88888888
1289 679 1368 735 8888
1382 695 1446 736 8888
1460 680 1612 749 8888888888,
1622 683 1654 735 88
1668 680 1700 752 (i)
1715 681 1872 755 8888888888»
1880 702 1933 757 l1¹1ae

262 797 297 854 de
311 790 516 869 ipsapaschali
532 791 568 862 (a)
584 789 739 846 testivitate
750 789 884 846 fervesce.
900 788 994 845 Debiti
1005 786 1083 844 enirn
1138 768 1255 825 88888888
1272 767 1384 825 888888
1402 772 1597 841 8888888888»
1612 768 1696 824 888888
1720 776 1829 828 8888888
1842 790 1935 845 88888·

260 884 303 940 tui
316 886 372 952 θεῖ,
387 885 420 937 ut
434 878 459 935 θῇ
476 876 526 950 qui
543 894 594 949 pm
607 876 745 933 munibus
755 893 861 950 passus
873 880 918 932 est
932 880 1034 948 parata
1043 874 1084 931 gi,
1139 855 1227 913 niatis
1243 857 1385 913 hortatus.
1397 857 1451 913 Sed
1461 856 1531 929 quia
1541 856 1653 914 utilitas
1664 857 1699 930 (p)
1709 858 1935 920 contineutiancn

261 970 401 1045 fflmpgfig
427 967 566 1041 quoniam
582 965 632 1038 pia
654 965 714 1022 vita
727 969 897 1022 sanctorum
919 979 1084 1037 numquam
1138 945 1936 1019 solumcarniscastigationi,rerumetiammentisnecas-

261 1061 356 1119 aliena
370 1064 415 1116 est
425 1055 504 1114 cruci
515 1054 632 1122 Christi,
643 1055 714 1110 dum
724 1053 929 1110 continuantia
940 1052 1085 1110 clavisde·
1138 1035 1266 1091 88888888
1276 1034 1629 1108 88888888888888888888
1638 1036 1810 1092 8888888888
1818 1037 1937 1110 88888888

261 1149 369 1208 sideria
392 1146 490 1204 caruis
517 1145 658 1217 configit„
674 1147 703 1199 et
731 1159 885 1215 corporeae
908 1142 1083 1216 cupiditates
1138 1140 1202 1182 8888
1221 1124 1389 1196 8888888888,
1410 1128 1443 1180 88
1456 1123 1497 1196 (8)
1512 1124 1590 1180 88888
1604 1140 1622 1179 8
1635 1123 1787 1181 desideriis
1800 1127 1887 1182 ternis
1899 1143 1936 1183 re·

260 1239 368 1295 ver-iuis
383 1234 509 1308 spiritus
524 1231 554 1287 in
570 1248 601 1287 se
611 1230 774 1287 cantianus
794 1228 942 1286 inerret.
958 1229 1083 1286 aimone
1137 1211 1237 1268 88888
1249 1211 1424 1285 voluntates.
1436 1211 1478 1268 ita
1492 1211 1529 1268 ab
1545 1211 1637 1268 animi
1650 1213 1937 1272 sensibusexcuuus

260 1331 306 1385 est
333 1339 514 1398 quemquam
542 1319 571 1375 in
588 1336 689 1376 senon
718 1319 825 1376 habere
841 1319 919 1391 quod
948 1318 1082 1392 perimat.
1137 1318 1260 1358 8888888·
1276 1300 1349 1357 Nam
1365 1299 1495 1374 88888888
1513 1301 1596 1368 88888,
1612 1301 1644 1373 (8)
1661 1301 1690 1356 88
1705 1318 1762 1374 (188
1776 1302 1869 1359 888888
1882 1302 1937 1359 8888·

260 1412 480 1487 Exstinguendn
502 1414 547 1466 est
568 1408 731 1479 iracundia,
747 1407 952 1465 mortificanda
973 1412 1019 1463 est
1033 1424 1083 1464 su·
1137 1389 1232 1463 888888
1245 1394 1352 1446 888888
1368 1393 1552 1446 8888888888
1562 1393 1751 1457 8088888888,
1766 1390 1938 1448 teveredu-

260 1504 371 1578 parbia,
387 1499 566 1558 destruenda
582 1496 708 1563 luxuria,
724 1496 807 1553 radix
823 1512 939 1569 quoque
955 1496 1082 1553 avaritia
1138 1477 1270 1577 8888888888
1286 1479 1488 1551 8888888888
1501 1495 1533 1535 88
1547 1482 1701 1551 88888888
1713 1479 1796 1550 cnjus
1810 1496 1857 1535 888
1870 1479 1938 1536 88888

260 1593 350 1652 altius
363 1588 566 1666 persequenda
576 1591 640 1644 est:
658 1592 691 1642 ut
709 1585 843 1642 omnium
860 1584 1005 1641 malorum
1021 1600 1083 1658 ger.
1138 1564 1310 1621 infidelitate
1321 1563 1471 1637 polluitur,
1482 1564 1601 1621 Dicente
1612 1564 1691 1621 enim
1701 1564 1850 1638 apostolo:
1864 1569 1938 1624 Omne

260 1699 327 1741 men
342 1679 434 1738 excidi
449 1678 554 1745 valeat,
570 1677 594 1733 si
621 1693 722 1733 sorum
738 1675 865 1749 potuerit
880 1674 972 1732 lomes
987 1672 1082 1730 evelli.
1138 1654 1208 1727 88888
1221 1668 1276 1710 888
1291 1662 1331 1709 888
1344 1669 1379 1709 88
1392 1651 1602 1726 perpennam
1611 1663 1651 1710 888
1660 1655 1746 1727 (88888
1756 1655 1937 1726 acanthu-

259 1772 333 1829 Cum
349 1774 446 1826 autem
461 1767 517 1824 hac
533 1764 685 1838 diligentia
698 1763 898 1820 indesinenter
912 1762 950 1819 sit
965 1763 1083 1819 animus
1096 1795 1122 1862 B
1136 1742 1201 1843 88888
1211 1745 1298 1798 88888
1312 1746 1341 1798 88
1354 1758 1429 1798 8888
1444 1757 1546 1798 888888
1557 1742 1673 1815 8888888
1688 1759 1762 1816 8888
1772 1742 1938 1800 illusionibus

260 1859 445 1926 excolendus,
460 1856 645 1914 stutendum
665 1853 707 1909 ita
720 1851 759 1909 sit
772 1867 902 1924 corpore,
924 1855 957 1907 ut
977 1852 1082 1910 rectori
1137 1847 1200 1897 8888
1214 1831 1359 1888 88888888
1375 1833 1456 1903 88888
1470 1831 1505 1903 (l')
1516 1830 1719 1904 8888888888·
1734 1831 1855 1904 uru,tl),
1864 1837 1890 1888 88
1899 1848 1938 1888 88·

260 1966 314 2006 suo
329 1945 527 2004 necessarium
554 1942 682 2016 prahaat
696 1945 802 1996 natura
821 1940 940 1995 inferior
955 1937 1083 1995 famula.
1137 1936 1170 1975 ra
1185 1919 1292 1975 Christi
1307 1936 1374 1977 caro
1390 1935 1446 1975 non
1463 1919 1567 1992 pascit.
1585 1919 1667 1976 Sicut
1683 1937 1751 1994 ergo
1763 1919 1940 1976 divinisman-

260 2045 336 2103 tum,
352 2051 431 2092 nuno
446 2034 571 2090 maxime
586 2030 676 2088 [mnis
691 2028 875 2085 oontinentjae
890 2044 957 2084 cam
981 2027 1082 2083 mode.
1137 2008 1213 2066 dntis
1228 2024 1365 2081 saneque
1380 2008 1518 2066 doctrina
1533 2013 1593 2065 toto
1609 2011 1697 2066 corde
1708 2008 1941 2067 famulandumest

260 2128 353 2185 randa
366 2129 423 2193 cst,
439 2128 468 2178 et
483 2120 605 2194 quiquid
616 2117 794 2176 sublimibus
807 2115 960 2174 desideriis
974 2114 1081 2183 obviat,
1136 2098 1178 2154 888
1192 2098 1272 2154 88888
1284 2097 1439 2170 8888888888
1452 2097 1488 2153 88
1498 2096 1597 2171 impiis
1607 2103 1653 2154 888
1663 2099 1799 2155 88888888
1808 2098 1940 2155 88888888·

259 2214 484 2288 amputandum.
496 2210 571 2266 Dum
586 2208 664 2264 enim
681 2203 1082 2278 congruispurificationihus
1135 2189 1217 2244 8888·
1235 2187 1316 2242 ’8888
1330 2186 1408 2242 88888
1424 2186 1460 2259 (i)
1477 2202 1561 2242 88888
1575 2191 1713 2242 sanctum
1726 2187 1785 2260 agit
1798 2192 1878 2259 atque
1890 2185 1939 2258 spi·

259 2301 519 2361 adcelebrandurn
535 2296 645 2353 Pascha
664 2294 782 2352 Domini
803 2294 1081 2367 utraquesubstau-
1136 2273 1388 2348 ritalejejuuium,
1413 2273 1602 2332 8888888888
1631 2276 1817 2349 8888888888
1843 2291 1940 2331 venena

258 2393 299 2451 tia
314 2394 506 2467 preparatur,
518 2383 671 2461 profutura
685 2384 765 2440 omni
779 2387 910 2456 ternpore
924 2388 1081 2439 consuetu.
1136 2367 1237 2439 adjicit
1251 2365 1408 2435 salsitatis3
1425 2381 1488 2437 qua
1499 2364 1620 2422 dolosus
1633 2382 1667 2421 nc
1677 2370 1814 2422 versutus
1823 2361 1942 2419 inimicus

258 2485 296 2540 (10
311 2478 450 2537 nutritur,
466 2477 567 2533 Severa
584 2474 614 2531 in
644 2472 832 2545 subditum)
850 2472 974 2545 imperia
997 2471 1081 2528 deta.
1136 2473 1214 2513 nunc
1238 2454 1409 2513 insidiosius
1424 2454 1539 2528 ingerit,
1556 2456 1675 2526 quando
1709 2455 1773 2528 ipso
1788 2452 1941 2511 veneranda

258 2574 401 2638 mescant,
428 2569 521 2624 cesset
533 2561 663 2620 vindicta
687 2561 809 2635 peccati,
824 2565 854 2617 et
869 2560 903 2633 (c)
927 2561 966 2616 rei
983 2559 1081 2617 orimi-
1135 2545 1301 2602 festivitatis
1317 2561 1439 2601 recursu
1453 2543 1550 2600 omnis
1567 2543 1702 2600 Ecclesia
1723 2544 1760 2602 sd
1774 2540 1942 2615 intelligenda

260 2677 331 2718 num
348 2659 383 2714 ad
399 2656 454 2712 hos
468 2653 531 2710 dies
547 2652 713 2725 pervenisse
724 2668 755 2707 se
764 2651 922 2722 gaudeant,
933 2649 963 2704 in
973 2649 1082 2721 quihus
1135 2634 1241 2691 salutis
1255 2650 1314 2689 sua
1341 2632 1480 2705 mysteria
1501 2631 1676 2706 generaliter
1692 2632 1725 2702 (t)
1751 2633 1941 2689 commonetur.

259 2751 296 2825 (d)
312 2747 367 2803 snb
383 2743 492 2801 sanctia
508 2740 622 2814 piisque
648 2738 829 2812 principibus
844 2737 932 2794 ctiam
948 2736 1082 2810 publiea.
1136 2724 1164 2781 Is
1178 2723 1256 2779 enim
1277 2721 1500 2778 resurrectionis
1529 2720 1636 2777 Christi
1650 2738 1746 2778 verns·
1764 2722 1904 2779 confessor
1919 2722 1942 2774 et

260 2855 325 2896 rum
333 2834 489 2893 austeritas
496 2826 1080 2896 remittiturultionumhboleauturodia,
1137 2812 1296 2877 8888888888,
1311 2810 1361 2883 qui
1376 2815 1404 2866 88
1417 2811 1454 2866 88
1470 2809 1605 2882 passione
1613 2811 1678 2882 8888
1691 2829 1749 2868 ¹¹⁰ss
1761 2809 1940 2873 8888888888,

259 2923 396 2985 deliciunt
418 2919 594 2986 simultates,
610 2915 690 2990 pacis
705 2919 734 2972 et
753 2914 960 2972 benevolentia
982 2916 1082 2971 multi·
1136 2908 1163 2960 88
1179 2902 1214 2958 de
1229 2916 1368 2973 88880888
1382 2899 1531 2957 flebilitate
1547 2917 1603 2955 non
1615 2899 1737 2957 Fallitur.
1753 2900 1823 2955 Nam
1839 2896 1942 2971 quidem

261 3014 386 3092 plicetur
400 3010 436 3082 (e)
454 3008 585 3074 allectus,
600 3010 629 3062 et
657 3006 707 3079 qui
723 3005 819 3078 potuit
845 3004 957 3061 malitia
979 3002 1081 3078 pollui,
1136 2992 1342 3049 erubescentes
1356 2987 1545 3061 Evangelium
1559 2989 1654 3045 crucis
1669 2988 1790 3056 Christi,
1806 2993 1837 3043 ut
1851 2986 1943 3043 auden·

262 3105 379 3163 studeat
388 3097 568 3172 benignitate
578 3094 857 3168 purgari.Quoniam
863 3094 1008 3167 judicium
1019 3095 1080 3167 Dei,
1137 3081 1195 3137 8888
1211 3083 1386 3136 8888888888
1400 3082 1570 3152 8888888888
1581 3095 1634 3151 888
1649 3078 1755 3136 888888
1763 3075 1942 3149 redemptione

262 3194 339 3253 sicut
353 3188 519 3248 immitibus
528 3184 696 3250 vehemens,
708 3185 749 3240 ita
773 3184 829 3239 erit
841 3158 1081 3240 misericordibus
1096 3162 1118 3229 G
1136 3167 1325 3242 supplitium,
1344 3166 1440 3240 ipsam
1454 3183 1526 3223 vet&
1540 3167 1637 3224 earnis
1651 3167 1680 3223 in
1700 3168 1822 3225 Domino
1838 3179 1942 3239 negate

260 3282 453 3348 clemens;at
468 3274 596 3332 detrusis
612 3272 750 3346 inignem
762 3271 901 3346 gehenna
912 3272 1082 3345 propterin-
1136 3262 1328 3325 8888888888,
1358 3273 1416 3312 888
1441 3254 1636 3329 8888888888888
1665 3255 1876 3329 impassibilem
1900 3250 1941 3307 8888

260 3368 475 3430 humanitatem
486 3362 625 3431 sinistris,
637 3361 1013 3435 dextroselecmosynarum
1025 3361 1084 3435 pio
1135 3347 1222 3404 Verbi
1233 3344 1598 3419 888888888888888888888
1609 3345 1685 3402 ¹⁷⁵
1698 3345 1849 3414 8888888888,
1859 3340 1944 3417 (mun

252 3464 318 3530 ¹tute
333 3457 468 3515 laudatos
482 3452 587 3528 (hert.
601 3468 666 3520 xxv,
690 3451 735 3519 34,
751 3450 809 3521 le),
833 3456 941 3507 aeterna
960 3450 1083 3508 catastis
1137 3435 1308 3493 8888888888
1324 3435 1359 3490 88
1385 3433 1545 3490 8888888888
1561 3432 1700 3504 88888888,
1723 3439 1756 3492 88
1770 3436 1798 3492 88
1824 3434 1942 3506 l)menter

259 3546 342 3623 regni
352 3545 502 3603 beatitudo
530 3540 682 3614 suscipiet.
699 3540 752 3595 Per
774 3539 933 3596 Dominum
949 3544 1083 3597 nostrum
1137 3525 1255 3601 propria
1269 3542 1327 3580 uon
1341 3525 1499 3592 amitteret,
1512 3523 1947 3581 etmisericorditarnostrasus

258 3638 360 3696 Jeaum
377 3634 537 3700 Christum,
551 3631 601 3704 qui
630 3646 697 3686 cum
720 3630 803 3685 Patre
818 3633 847 3685 et
860 3628 967 3701 Spiritu
982 3634 1083 3687 sancto
1137 3617 1255 3689 8888888·
1275 3611 1404 3685 888888888
1419 3612 1517 3685 888888
1532 3612 1561 3667 88
1577 3612 1696 3669 (8888888
1712 3615 1811 3671 888888
1826 3627 1881 3666 888
1892 3623 1946 3681 per·

259 3727 330 3784 vivit
344 3727 374 3783 et
384 3726 487 3796 regnat
502 3721 532 3775 in
548 3718 655 3777 secula
670 3715 856 3773 saeculorum.
872 3720 975 3774 Amen,
1138 3706 1272 3769 senseat,
1285 3706 1313 3758 et
1323 3700 1415 3758 Filius
1427 3699 1485 3769 Dei,
1497 3699 1632 3775 idemque
1643 3701 1725 3758 illius
1735 3698 1871 3767 hominis,
1881 3710 1947 3753 unus

420 3837 498 3892 m
513 3833 629 3890 ggpfflo
648 3832 733 3888 XLVI
753 3832 807 3904 [Al.
823 3832 913 3903 xij·
1138 3796 1182 3848 est
1198 3790 1352 3857 Dominus,
1369 3788 1565 3845 conditionem
1582 3789 1718 3847 servilem
1734 3788 1855 3847 consilio
1869 3784 1947 3861 picta·

491 3923 530 3977 pe
544 3920 758 3992 Quadraymma
776 3920 844 3976 yffi·
1137 3880 1176 3936 tis
1192 3879 1347 3952 recipiens.
1362 3878 1400 3949 (n)
1416 3895 1474 3934 non
1497 3877 1559 3952 legs
1583 3878 1770 3936 necessitatis
1791 3878 1947 3934 incurrens:

1139 3968 1209 4041 quia
1224 3971 1368 4041 potestate
1384 3968 1479 4023 sactus
1493 3972 1539 4023 est
1553 3966 1688 4034 humilia,
1706 3970 1849 4042 potestate
1865 3959 1948 4037 passi·

260 4042 409 4100 58808988
427 4067 461 4079 ’“
476 4036 498 4092 Ῑ·
522 4037 582 4091 ΝΜ
604 4035 693 4091 80888
706 4034 787 4100 888888
812 4034 857 4089 8888
871 4038 897 4090 88
910 4051 1016 4091 ‘mm
1030 4052 1085 4093 8888
1139 4056 1363 4129 bilis,poteatste
1375 4055 1527 4125 mortalia;
1544 4057 1620 4112 ntad
1631 4056 1843 4115 destruendum
1853 4046 1949 4126 peccati

294 4108 480 4182 repellendos:
493 4108 685 4188 qeminomqae
712 4105 908 4189 nanciscendum
932 4108 963 4190 ia
979 4106 1084 4191 Christo
1206 4145 1225 4201 t.
1318 4145 1335 4199 d
1390 4144 1395 4155 .
1939 4165 1950 4178 ·

294 4185 435 4239 naturam,
449 4209 483 4219 ..
498 4179 533 4234 ῃ,
548 4179 580 4233 [η
594 4176 720 4232 ommim
729 4177 884 4232 mmmm
894 4176 1085 4235 emman-a
1139 4163 1205 4202 mor
1218 4160 1303 4219 isque
1338 4148 1514 4211 ominatum,
1529 4148 1558 4200 et
1573 4161 1664 4218 poena
1680 4161 1773 4220 capax
1788 4144 1864 4200 esset
1876 4139 1938 4197 subs

295 4256 401 4311 elucere
415 4252 559 4321 utumque
574 4252 682 4304 nature
690 4248 855 4303 testimonia.
873 4279 906 4289 -
916 4248 964 4305 lll.
978 4250 1085 4318 Qcaede
1137 4234 1231 4292 tantia
1247 4232 1439 4303 infirmitatis,
1453 4238 1482 4291 et
1497 4232 1571 4290 nihil
1581 4233 1680 4308 gloria
1695 4252 1758 4292 sure
1766 4233 1894 4308 perderet
1902 4242 1948 4285 na·

297 4325 407 4384 Christo
422 4325 565 4379 incarnato
575 4321 634 4376 sint
645 4318 788 4375 eredendo
806 4319 900 4376 -1V.
924 4322 985 4377 Nou
997 4322 1086 4379 solum
1138 4329 1206 4381 tura
1218 4321 1344 4379 virtutis.

294 4451 331 4523 (a)
346 4448 403 4518 Ah,
421 4448 603 4505 comunitate.
620 4444 689 4500 Post
703 4459 796 4516 pauca
810 4449 873 4500 erat
888 4445 919 4500 in
934 4444 1021 4502 editis
1033 4462 1085 4518 pa·
1140 4448 1229 4524 puod;
1247 4447 1324 4520 apud
1339 4448 1459 4516 Quesn,
1474 4463 1537 4521 pcc.

259 4531 336 4579 rates
349 4523 395 4577 sis.
413 4518 599 4575 Praetulimus
612 4523 714 4598 parete
723 4516 771 4583 ste,
797 4531 855 4571 non
870 4516 966 4573 solum
979 4533 1013 4572 ex
1030 4517 1122 4590 uli-1)
1180 4522 1207 4591 j)
1221 4519 1303 4576 Unus
1314 4534 1370 4574 ms.
1385 4521 1414 4573 8.
1432 4518 1506 4574 Petri
1522 4521 1550 4573 et
1564 4517 1629 4575 Vat.
1641 4517 1756 4574 collect.
1773 4519 1801 4587 l,
1816 4515 1920 4587 despit.

260 4597 332 4676 quot
346 4609 435 4661 mss,
446 4607 546 4646 verum
561 4588 648 4645 etiam
665 4602 735 4660 quia
749 4586 849 4643 reterri
864 4587 979 4644 videtur
992 4588 1029 4644 ad
1045 4590 1084 4646 le·
1185 4590 1212 4661 t)
1226 4590 1335 4646 Vocem
1348 4604 1434 4650 mene.
1447 4606 1510 4661 quae
1525 4588 1554 4645 in
1570 4588 1725 4655 Queauallo
1736 4590 1828 4656 deest,
1839 4585 1951 4643 excale

260 4678 405 4720 mrnrnum
416 4678 522 4716 nomen
532 4676 617 4717 mena.
1138 4662 1178 4719 ris
1192 4662 1277 4718 editis
1294 4659 1461 4732 nostrisque
1475 4661 1559 4716 codd.
1575 4677 1759 4717 revocamus.

295 4735 336 4807 (t)
349 4732 438 4788 codd.
454 4730 565 4788 collect.
576 4733 603 4797 l,
613 4731 802 4813 ‚superenne
815 4730 883 4786 sint.
1173 4734 1205 4801 lt)
1220 4732 1267 4788 Sic
1282 4730 1461 4796 Quasncum
1476 4731 1602 4788 editione
1615 4733 1759 4804 Autucrp.
1785 4748 1824 4788 an
1839 4724 1913 4791 1583,
1927 4722 1951 4777 88

294 4807 330 4877 (ct
345 4803 449 4886 Confer
477 4803 693 4884 observationes
714 4805 841 4872 nostras,
863 4800 913 4857 ubi
929 4802 1082 4860 annotatio
1137 4803 1267 4878 plerique
1282 4802 1375 4859 nostri
1390 4802 1475 4860 codd.
1491 4802 1547 4871 hh,
1561 4810 1753 4859 enumeretur.

260 4874 406 4943 Quesnelh
422 4874 613 4930 describetur.
1172 4876 1221 4947 (m)
1236 4874 1334 4931 Prima
1347 4873 1448 4938 editio,
1464 4875 1503 4930 ita
1516 4874 1681 4930 inclinatam
1694 4874 1730 4929 nd
1745 4872 1895 4929 homnem
1906 4879 1952 4920 ae·

296 4947 334 5030 (d)
350 4944 527 5002 particulam
541 4945 591 5000 sut
606 4959 658 5016 pro
674 4960 692 4998 c
706 4959 741 4999 ea
755 4959 827 4998 mss.
850 4944 880 5000 S.
902 4947 979 5002 Petri
994 4962 1081 5019 rapo·
1138 4955 1230 5004 turum
1245 4955 1270 5003 et
1284 4945 1319 5001 ud
1330 4946 1389 5013 eiua
1398 4944 1604 5002 satutemdliae
1613 4946 1758 5002 editiones
1766 4949 1835 5000 ante
1843 4942 1951 5019 Oceano

261 5034 387 5077 surmus.
1136 5021 1176 5075 ito
1190 5034 1219 5073 ae
1234 5017 1416 5073 inclinantem
1443 5015 1478 5072 od
1493 5018 1644 5073 tiemonem
1666 5009 1953 5080 maurannetus

296 5092 332 5164 (e)
347 5086 522 5171 Tresunostri
539 5085 623 5168 codd.
640 5090 668 5166 et
682 5084 777 5167 prima
793 5085 890 5154 aditio,
907 5088 1027 5160 effectae.
1135 5090 1262 5147 colubra.
1279 5086 1462 5154 Ouesnellus.
1479 5090 1521 5144 ita
1535 5087 1742 5145 inclinatamnd
1752 5087 1952 5142 tammus-

252 5204 256 5209 .
296 5158 525 5235 (sipartrculam
543 5174 574 5213 m
590 5156 759 5213 addidimus
782 5173 817 5212 ex
831 5158 947 5215 duobus
962 5176 1034 5216 mss.
1050 5159 1081 5216 S.
1138 5166 1238 5227 teram,
1254 5157 1372 5215 omissis
1387 5159 1535 5232 etodejus
1548 5161 1762 5223 cnluoemmum
1774 5161 1873 5212 tamen
1885 5150 1953 5208 selt-

262 5234 350 5292 Petri.
717 5298 734 5309 ..
1137 5234 1173 5289 tir
1189 5229 1296 5287 mentio
1312 5229 1499 5302 potissimum
1515 5231 1647 5305 exigatur
1661 5231 1698 5287 ab
1709 5222 1953 5286 antecedentibus.

297 5307 336 5379 (9)
351 5304 398 5363 Sic
415 5319 482 5359 cum
498 5297 652 5383 Quesnello
667 5314 701 5382 en
716 5297 820 5355 uadem
832 5299 861 5356 S.
871 5298 945 5356 Petri
957 5301 1043 5358 codd.
1054 5306 1084 5358 et
1137 5309 1287 5374 smccptum
1295 5318 1345 5374 pro
1357 5301 1455 5358 mendi
1466 5301 1650 5375 redemptione
1659 5300 1841 5374 suppliciam,
1851 5295 1886 5353 ad
1916 5306 1954 5346 11¹⁰

261 5376 377 5433 duobus
387 5374 452 5431 Vat.
467 5373 524 5441 Al,
541 5372 722 5453 abstinentiae.
789 5442 794 5453 .
1137 5374 1185 5430 hic
1195 5374 1277 5429 locus
1292 5373 1425 5429 retertur.
1442 5372 1538 5431 Secuti
1553 5391 1657 5431 sumus
1673 5368 1854 5444 exemplaria
1867 5366 1896 5421 S.
1931 5376 1955 5417 θ-

297 5447 337 5520 (h)
350 5446 425 5503 Editi
437 5452 504 5503 ante
518 5444 642 5511 Quaen,
652 5449 723 5497 acet
735 5439 874 5508 deciderit,
887 5441 931 5498 vel
941 5442 1083 5501 desideriis
1138 5445 1174 5501 tri
1191 5448 1220 5501 et
1233 5444 1291 5500 dno
1307 5443 1373 5501 Vat.

259 5510 986 5584 cameracencisvituperes.l¹extuslecti0estin
997 5515 1081 5572 codd.
1173 5517 1212 5589 (n)
1227 5515 1270 5573 Ita
1293 5514 1401 5582 Quesu.
1418 5532 1486 5575 cum
1507 5533 1565 5576 uno
1594 5534 1651 5576 ms.
1668 5513 1756 5575 Petri.
1772 5510 1831 5580 Ab,
1859 5521 1907 5565 tet
1921 5501 1955 5561 88·

261 5588 292 5650 S.
307 5588 382 5645 Petri
397 5588 470 5644 etin
485 5588 550 5645 Vnt.
566 5584 679 5643 collect.
694 5585 722 5641 5.
1135 5603 1208 5666 pom,

296 5659 329 5751 (i)
344 5658 454 5722 induo
469 5675 542 5721 mas.
556 5662 586 5731 S,
601 5656 689 5719 Petri.
706 5653 780 5717 ltditi
790 5657 818 5717 at
832 5653 923 5736 aliqui
939 5656 1036 5731 codd..
1052 5675 1084 5721 us
