4050 6175
116 320 200 397 ilii
810 323 1136 395 siisrocicixv.
1743 328 1823 423 iiii

118 452 273 522 mandam,
289 467 386 527 veram
401 465 519 510 carnem
535 456 641 525 nostre
655 452 823 529 fragilitatis
839 472 896 512 non
913 457 948 513 de
963 458 990 527 Α
1030 461 1178 524 expiasset
1192 458 1361 525 ὁμολογοῦμέν
1379 481 1405 515 ιε
1423 467 1465 517 νισι
1483 464 1647 527 πιστεύομεν,
1665 460 1771 530 ὅςπρὸς
1789 467 1820 523 σε

114 528 194 598 ooelc
210 557 312 598 secum
335 540 450 612 detulit,
467 543 517 599 sed
534 542 572 614 (ο)
598 542 629 597 in
644 546 726 599 utero
742 543 871 616 Virginis
886 561 950 601 ma·
1029 549 1070 606 oti
1085 548 1209 613 σωτηρίαν
1217 553 1260 597 τοῦ
1273 549 1357 611 γένους
1371 552 1508 619 ἀναπλάσαι
1520 552 1568 603 τῶν
1585 546 1731 619 ἀνθρώπων,
1742 532 1820 617 &aad

117 630 175 688 tris
191 628 367 703 assumpsit.
1026 635 1109 700 σάρκα
1129 638 1172 696 τής
1191 637 1314 702 ἡμετέρας
1334 641 1500 708 σαθρότητσς,
1521 641 1569 693 οὐκ
1589 640 1613 699 li
1634 636 1741 708 οὐρανοῦ
1765 633 1820 713 μεθ’

119 725 211 776 ίαυτοῠ
225 726 426 797 κατεκήσμησεν,
440 726 497 776 ἀλλ’
512 726 537 776 ἐν
551 732 583 792 τῇ
596 745 682 793 γαστρι
695 731 738 788 τῆς
753 728 872 793 μαρθίνου
888 728 978 792 μητρὸς
992 722 1155 787 προσίλαόεν.

159 807 228 863 Cau.
236 806 283 862 lv.
297 806 526 880 ss-Ouicumquc
536 824 604 880 ergo
614 808 656 863 illi
672 813 742 864 sunt
754 808 794 863 ita
803 808 949 876 obcecati,
1055 820 1151 874 θίεινες
1170 819 1263 877 δήποτε
1284 818 1365 868 τοίνυν
1389 820 1462 880 εἰσίν,
1484 822 1507 871 cl
1530 819 1596 870 οθτω
1617 819 1815 897 τυφλοέτεοντεειι

116 899 150 951 et
163 911 185 950 a
197 895 312 952 lumine
321 896 453 952 veritatis
464 895 597 964 alieni,ut
606 895 702 952 Verbo
713 894 763 952 Dei
785 911 802 951 ο
820 899 951 969 tempore

116 982 949 1056 incarnationis,(li)humanaecarnisdenegentvcritatem,

118 1071 281 1128 detenderit
289 1072 319 1127 in
330 1072 454 1143 quesibi
465 1072 665 1129 Christianum
676 1088 782 1129 nornen
793 1077 949 1146 usurpent,

114 1165 233 1216 etcum
250 1159 547 1233 livangelioveritatis
558 1161 736 1239 quaraticne
762 1162 948 1229 concordent,

117 1248 186 1320 (elsi
195 1249 287 1311 heatae
297 1248 426 1322 Virginis
437 1253 522 1322 partu
533 1253 585 1305 aut
598 1266 664 1305 caro
675 1250 738 1305 sine
762 1249 883 1318 Deitate,
900 1256 951 1305 aut

118 1337 222 1394 Deitas
232 1340 278 1393 cst
294 1343 358 1393 orta
369 1338 433 1395 sine
455 1354 551 1394 carne.
568 1338 650 1394 Sicut
673 1337 751 1394 enim
763 1338 862 1409 negari
891 1353 949 1393 non

118 1425 411 1499 potcstevangelista
423 1427 547 1495 dicente,
560 1427 639 1499 quod
649 1429 763 1483 Verbum
773 1442 836 1483 coro
846 1427 949 1482 icoc

118 1518 287 1586 tmitcmett,
298 1516 465 1571 dictitavit
475 1517 505 1571 in
520 1516 599 1572 nole
609 1516 701 1589 (ioan.
714 1517 735 1581 1,
760 1516 823 1588 li);
843 1514 884 1571 ita
900 1530 949 1570 ne·

120 1602 186 1678 geri
198 1620 258 1661 non
274 1607 380 1676 potest,
397 1605 481 1660 beato
496 1603 585 1660 Paulo
612 1604 742 1676 apostolo
764 1604 948 1676 predicante,

121 1693 201 1766 quod
214 1694 285 1748 Deus
295 1698 355 1748 erut
369 1694 399 1748 ι’νε
424 1692 531 1749 Christo
551 1693 685 1748 mundum
701 1693 881 1749 reconcilians
897 1693 951 1747 siti
966 1664 989 1729 B

120 1782 226 1855 (iidoc.
239 1799 268 1851 ν,
280 1782 334 1853 19).
347 1781 415 1846 Quas
427 1786 525 1838 autem
538 1781 732 1838 reconciliatio
747 1797 812 1837 esse
826 1781 865 1851 (d)
882 1797 947 1852 pos·

121 1879 178 1940 sel,
189 1886 248 1943 qua
258 1869 389 1926 humano
399 1869 497 1944 generi
509 1869 750 1942 repropitiaretur
761 1869 948 1941 Deus,(e)nisi

121 1959 256 2017 omnium
266 1975 389 2015 causam
400 1958 542 2014 mediator
558 1958 606 2014 Dei
622 1956 836 2030 hominumque
850 1958 947 2014 susci-

119 2047 285 2122 μονολίθων
294 2063 361 2104 asro
372 2046 483 2103 ratione
493 2047 645 2103 veritatem
656 2045 826 2102 mediatoris
842 2044 945 2118 imple-

75 2156 78 2161 ·
120 2141 174 2205 ret,
185 2136 244 2193 nisi
269 2136 320 2208 qui
334 2136 363 2191 in
388 2136 483 2192 torma
494 2135 544 2191 Dsi
555 2134 676 2206 aequalis
686 2140 730 2190 est
740 2134 829 2202 Patri,
844 2133 873 2188 in
888 2135 946 2189 sor·

121 2225 256 2282 maserei
267 2225 412 2299 particeps
423 2229 540 2281 essolet
550 2224 641 2279 nostri
656 2240 662 2278 :
681 2227 714 2278 ut
725 2224 828 2278 mortis
849 2222 947 2278 vincu-

120 2313 531 2385 lum,uniusprievaricctionc
539 2311 945 2381 contractumdlluniusmor·

122 2401 395 2475 te,quisolasmorti
407 2400 481 2456 nihil
490 2401 601 2467 debuit,
612 2398 781 2456 solueretur.
789 2400 825 2471 (q)
838 2398 945 2455 iillusio

121 2490 200 2548 euim
211 2507 263 2563 pro
274 2490 393 2561 injustis
402 2489 554 2562 sanguinis
565 2488 674 2544 Christi
684 2493 745 2543 tam
757 2487 899 2543 luitdives
909 2487 945 2542 ad

120 2579 259 2654 pretium,
268 2578 335 2635 utsi
350 2578 525 2633 universitas
538 2576 717 2649 captivorum
728 2575 757 2631 in
781 2576 945 2647 redempto·

117 2684 180 2725 rem
190 2684 279 2724 suum
291 2666 431 2733 crederet,
443 2663 558 2721 nullum
570 2663 677 2721 diaboli
695 2663 812 2720 vincula
836 2664 945 2719 retine·

119 2761 185 2814 rent
197 2756 362 2829 :quoniam
374 2756 451 2810 sicut
463 2752 620 2826 Apostolus
644 2753 694 2820 ait,
731 2753 780 2808 dli
797 2751 947 2808 abundavit

115 2840 269 2920 peccatum,
293 2842 523 2916 superabundavit
537 2846 562 2898 et
583 2842 674 2913 qratia
694 2841 781 2912 (dom.
793 2858 820 2907 ν,
839 2842 896 2913 20).
912 2840 946 2897 Et

121 2951 189 2991 cum
200 2934 256 2990 suh
267 2932 375 3006 peccati
391 2931 557 3003 prejudicio
568 2929 628 2984 nati
644 2932 816 3002 potestatem
831 2945 946 3003 accepe

1022 906 1065 956 καί
1084 907 1132 955 άπὸ
1152 912 1198 956 τοῦ
1219 907 1301 970 φωτὸς
1319 908 1362 968 τῆς
1380 909 1493 968 ἀληθείας
1512 907 1729 975 άλλυτρεοόμενοε,
1750 907 1816 959 ὥστε

1023 996 1057 1057 τῷ
1070 994 1145 1061 Λόγῳ
1162 996 1198 1061 τῷ
1215 1000 1259 1046 τοῦ
1279 995 1355 1059 θεοῦ,
1373 997 1422 1047 ἀπὸ
1441 994 1485 1048 τοῦ
1503 998 1547 1058 τῆς
1562 993 1815 1064 οαρκιίνοεωςχρόνου
1836 1033 1839 1039 .

1021 1084 1065 1141 τήν
1077 1084 1188 1141 ἀλήθειαν
1206 1085 1250 1143 τής
1262 1085 1414 1152 ἀνθρωπίνης
1430 1086 1590 1153 ἀπαρνεῖσθαι
1605 1085 1707 1151 σαρκός,
1722 1074 1816 1134 διενενό-

1021 1188 1104 1220 τωσαν
1122 1174 1186 1221 κατὰ
1204 1173 1227 1221 τί
1245 1176 1403 1237 Χριστιανῶν
1423 1176 1519 1231 ἑαυτοῖς
1534 1176 1672 1241 ἁρπάζουσι
1691 1188 1817 1241 πρυσογο·

1024 1260 1088 1323 ρίαν,
1111 1258 1154 1308 καί
1175 1260 1240 1309 κατὰ
1261 1260 1332 1310 ποῖον
1352 1262 1425 1325 λόγον
1443 1265 1478 1327 τῷ
1493 1264 1537 1324 τῆς
1557 1244 1670 1322 ἀληθείας
1683 1256 1817 1333 εὐαγγελίῳ

1023 1347 1153 1410 σύμφωνοι
1168 1348 1360 1412 καθεστήκασιν,
1373 1347 1424 1412 εἴγε
1440 1351 1465 1401 ti
1477 1352 1512 1415 τῷ
1528 1350 1623 1415 τοκετῷ
1640 1349 1684 1410 τῆς
1696 1340 1818 1415 γἐαιεαρίαςΙ

1021 1437 1143 1499 παρθένου
1160 1430 1205 1494 dh
1226 1436 1287 1501 σάρξ
1307 1437 1361 1501 δίχα
1380 1439 1423 1497 τῆς
1442 1439 1567 1499 θεότητος,
1587 1434 1603 1498 ή
1622 1440 1637 1497 ή
1657 1438 1742 1496 θεόεης
1764 1428 1818 1485 dil-¹

1024 1528 1110 1582 τειλεν,
1126 1523 1134 1555 ¹
1153 1519 1170 1583 ή
1188 1521 1303 1585 ἐγεννήθη
1320 1526 1375 1592 δίχα
1394 1529 1580 1591 τοῦσώματος.
1599 1529 1698 1591 ί’ίλονεερ
1719 1522 1766 1588 γάρ
1785 1504 1817 1587 τό

1022 1615 1125 1663 δυνατὸν
1139 1614 1310 1675 ἀπαρνεῖσθαι,
1329 1612 1374 1665 τοῦ
1391 1616 1564 1680 εὐαγγελιστοῦ
1582 1617 1705 1678 λέγοντος,
1725 1612 1764 1661 ότι
1784 1604 1816 1687 U

1021 1703 1099 1765 Λόγος
1113 1696 1173 1765 auat
1186 1688 1298 1765 1364
1312 1704 1478 1766 ίγένετο,”καλ
1492 1704 1633 1763 ἐσκήνωσεν
1648 1704 1673 1754 ἐν
1687 1705 1760 1767 ἡμῖν·
1774 1707 1817 1760 οὗ.

1022 1807 1071 1846 τως
1083 1793 1253 1859 ἀπαρνηθῆναι
1271 1797 1324 1862 οὐχ*
1336 1787 1388 1844 otti
1408 1810 1446 1853 τε,
1456 1799 1501 1843 τοῦ
1517 1792 1641 1856 μακαρίου
1655 1785 1755 1844 Παύλου
1768 1796 1814 1843 τοῦ

1021 1879 1159 1932 ἀποστόλου
1177 1886 1352 1951 κηρύττοντος,
1371 1885 1410 1933 ότι
1430 1882 1492 1937 Θεὸς
1505 1875 1535 1942 ήν
1553 1881 1578 1931 ἐν
1594 1872 1701 1947 {pierii
1718 1879 1816 1951 κόσμον

1021 1972 1197 2021 καταλλάσσων
1220 1975 1310 2039 ἑαυτῷ.
1327 1974 1392 2023 Ποία
1407 1971 1428 2021 δ’
1448 1968 1476 2023 ἂν
1499 1971 1605 2031 ἠδύνατο
1624 1969 1751 2037 τυγχάνειν
1768 1987 1815 2021 κα·

1023 2057 1139 2118 ταλλσγή,
1153 2059 1183 2107 δι’
1198 2052 1227 2119 ἧς
1245 2064 1316 2115 ilco:
1331 2061 1426 2122 ἐγένετο
1439 2059 1475 2122 τῷ
1491 2060 1556 2122 γένει
1576 2058 1625 2107 τῶν
1644 2050 1778 2124 ἀνθρώπων
1798 2054 1813 2108 ό

1025 2142 1095 2202 θεὸς,
1109 2146 1129 2193 cl
1143 2148 1175 2209 μή
1189 2149 1232 2206 τήν
1248 2148 1326 2197 αἰτίαν
1345 2149 1387 2205 τήν
1403 2147 1502 2196 πάντων
1515 2149 1528 2195 θ
1543 2147 1608 2195 Θεοῦ
1621 2146 1663 2194 καί
1677 2138 1819 2211 ἀνθρώπων

1021 2233 1121 2291 μεσίτης
1137 2235 1283 2297 ἀνεδέξαεος
1301 2236 1364 2298 ποίῳ
1382 2235 1402 2283 θ’
1417 2233 1446 2285 ἂν
1464 2233 1530 2297 λόγῳ
1546 2235 1591 2292 τήν
1610 2233 1722 2293 ἀλήθειαν
1743 2232 1814 2292 ίπλή·

1020 2336 1099 2384 ρωσεν
1119 2328 1163 2370 τοῦ
1182 2325 1292 2386 μεσίτου,
1309 2324 1330 2371 εί
1343 2324 1375 2384 μή
1396 2324 1409 2370 ὁ
1427 2323 1451 2370 ii
1473 2328 1554 2386 μορφή
1572 2320 1637 2371 Θεοῦ
1658 2314 1713 2376 ίοος
1729 2319 1764 2392 ὢν
1776 2320 1812 2385 τῷ

1019 2409 1101 2471 πατρί,
1126 2409 1151 2458 ii
1171 2416 1200 2473 τῇ
1225 2417 1306 2474 μορφῇ
1328 2407 1372 2458 τοῦ
1391 2410 1479 2459 δούλου
1508 2408 1656 2466 ἐκοινώνησε
1676 2409 1718 2458 καί
1741 2401 1811 2473 ἡμῖν,

1020 2498 1246 2562 satietatique
1264 2498 1309 2549 τοῦ
1329 2499 1443 2560 θανάτου,
1459 2494 1485 2547 όν
1506 2500 1522 2555 h
1544 2495 1590 2546 τοῦ
1606 2496 1658 2553 ἐνὸς
1675 2486 1813 2573 παράόασις

1020 2584 1187 2648 ἐπεσπάσατο,
1210 2590 1245 2652 τῷ
1264 2588 1360 2651 θανάτῳ
1380 2591 1424 2636 τοῦ
1441 2587 1493 2641 iit<
1512 2583 1568 2649 (τοῖν
1590 2584 1666 2650 μόνου
1686 2585 1760 2650 μηδὲν
1776 2587 1818 2665 τῇ,

1023 2674 1120 2736 θανάτῳ
1144 2678 1357 2742 χρεωοτήσαντος)
1384 2676 1538 2734 θεαλυθήναι;
1564 2675 1581 2732 ή
1601 2674 1647 2740 γάρ
1673 2673 1734 2743 ὑπὲρ
1761 2674 1812 2727 οὖν

1022 2761 1176 2823 ἁμαρτωλῶν
1200 2765 1268 2827 ῥύσις
1292 2769 1335 2813 τοῦ
1359 2766 1465 2827 αἵματος
1490 2759 1535 2811 τοῦ
1559 2760 1687 2827 Χριστοῦ,
1714 2762 1817 2826 γέγονεν,

1021 2845 1101 2901 οὕτως
1117 2850 1223 2900 πλουσία
1238 2853 1272 2906 είς
1287 2851 1392 2914 τίμημα,
1412 2852 1446 2905 ὡς
1459 2850 1480 2898 εί
1492 2848 1622 2898 πιστεύσει
1636 2847 1665 2898 τὸ
1683 2849 1732 2900 πάν
1752 2850 1814 2910 πλή-

1020 2935 1061 2989 θος
1084 2937 1134 2984 τῶν
1152 2937 1396 3003 αἰχμαλωτισθέντων
1427 2939 1460 2993 είς
1486 2937 1527 2985 τὸν
1556 2936 1650 2985 ἑαυτῶν
1674 2918 1812 3004 λυτρωτὴν,

117 3021 228 3079 rintad
240 3019 388 3093 justitiam
401 3017 584 3085 renascendi,
610 3016 736 3072 validius
761 3017 870 3072 iactum
899 3024 981 3092 estc
1021 3024 1113 3086 μηδένα
1129 3027 1310 3092 κατασχεθῆναι
1332 3026 1384 3082 εσῑς
1404 3022 1449 3075 τοῦ
1474 3024 1588 3073 traditos
1609 3023 1722 3088 δεσμοῖς·
1748 3025 1814 3079 lari·

120 3111 231 3168 donum
245 3108 399 3179 libertatis,
416 3123 503 3180 quam
519 3106 650 3163 debitum
666 3106 823 3162 servitutis.

156 3199 225 3255 Gir.
235 3197 270 3252 V.
280 3229 312 3238 —
322 3198 414 3263 Quam
426 3196 523 3267 itaque
538 3194 594 3250 sibi
605 3194 634 3249 in
655 3194 745 3264 hujus
769 3196 944 3250 sacramenti

118 3287 255 3362 prasidio
267 3302 350 3360 spem
367 3282 539 3356 relinquunt
560 3282 610 3356 qui
632 3282 662 3337 in
685 3280 831 3338 Salvatorc
845 3289 944 3339 nostro

120 3372 358 3451 neganthumani
369 3373 499 3447 corporis
507 3370 673 3427 veritatem?
679 3370 781 3426 Dicant
791 3387 848 3443 quo
859 3371 946 3427 sacri-

122 3465 189 3522 tlcio
200 3461 497 3538 renonciliathdiccnt
507 3476 565 3533 quo
576 3458 719 3532 sanguine
730 3459 943 3533 sintltlredcm-

122 3553 181 3629 pti?
190 3554 255 3623 Quis
264 3555 349 3618 estut
360 3551 401 3606 ait
410 3549 578 3624 Apostolus,
593 3550 641 3620 qai
649 3547 764 3604 tradidit
773 3551 945 3620 semtipsum

120 3639 587 3717 pronodiscllctioccmetliosticm
596 3638 648 3692 ileo
673 3638 704 3692 ic
724 3636 832 3693 odorem
851 3638 944 3693 ειεονὶ-

121 3728 304 3801 tritisOEpliei.
315 3743 341 3781 V.
358 3725 386 3797 2)
404 3727 418 3779 :¹
437 3727 495 3781 llut
517 3726 595 3798 quod
611 3740 752 3796 umquam
768 3725 944 3782 sacrificium

122 3817 261 3888 mihi
271 3814 415 3871 sacratius
428 3814 585 3886 luit,quam
597 3814 673 3885 quod
686 3827 772 3868 verus
782 3818 811 3868 et
820 3817 944 3870 eternus

123 3902 372 3976 Pontitciiljlaltari
381 3902 476 3959 crucis
486 3918 538 3975 por
545 3901 775 3958 immolationem
782 3919 841 3957 sun
848 3904 945 3958 carnis

121 3990 467 4069 imposuit‘lllimuamvis
477 3990 554 4047 enim
566 3990 725 4046 multorum
737 3995 905 4047 sanctorum
914 3991 945 4047 in

1019 3112 1103 3178 δήπερ.
1119 3115 1153 3168 ὥς
1164 3131 1235 3177 φησιν
1248 3117 1262 3163 θ
1278 3115 1424 3176 ἀπόστολος,
1437 3113 1522 3162 “Osco
1537 3112 1712 3172 ίπλεόνασενή
1730 3116 1814 3182 ἁμαρ·

1020 3201 1068 3258 τία,
1089 3201 1323 3265 ὑπερεπερίσσευσεν
1344 3201 1452 3265 ήχάρις.
1480 3200 1531 3248 liat
1552 3200 1602 3250 τῶν
1627 3183 1811 3269 τεχθάντωνάν

1020 3289 1055 3351 τῷ
1074 3289 1117 3345 τῆς
1135 3290 1257 3352 ἁμαρτίας
1268 3288 1427 3355 προκρίματι,
1441 3287 1618 3350 λαμόανόντων
1638 3288 1682 3346 τήν
1701 3289 1812 3344 ἐξουσίαν

1021 3380 1064 3424 τοῦ
1086 3375 1148 3440 πρὸς
1172 3376 1328 3433 δικαιοσύνην
1348 3375 1531 3438 ἃναγεννᾶσθαι,
1548 3374 1577 3423 τὸ
1594 3374 1705 3441 χάρισμα
1722 3375 1752 3426 τό
1768 3378 1813 3439 τῆς
1860 3387 1863 3394 ’

1019 3462 1157 3528 ἐλευθερίας
1172 3465 1341 3529 δυνατώτερον
1358 3463 1457 3526 γέγονεν
1476 3461 1521 3511 τοῦ
1542 3461 1586 3522 τής
1607 3457 1717 3519 δουλείας
1738 3445 1821 3528 ὀφλή-Λ

1021 3567 1106 3615 ματος.
1125 3553 1202 3602 Ποίαν
1223 3545 1266 3602 chi
1284 3551 1380 3608 ίαυτοῐς
1399 3551 1512 3616 βοηθείας
1529 3551 1558 3600 li
1577 3554 1621 3599 τοῦ
1647 3549 1744 3601 τοιούδε
1764 3570 1811 3618 μυ·

1019 3640 1123 3705 στηρίον
1141 3640 1367 3704 καταλεμπάνουσιν
1380 3637 1473 3697 ἐλπίδα,
1493 3635 1556 3686 iiii
1576 3635 1612 3700 τῷ
1629 3637 1723 3706 σωτῆρι
1739 3639 1812 3705 ἡμῶν

1020 3727 1201 3793 ἀπαρνούμενοι
1221 3725 1265 3777 τοῦ
1293 3726 1446 3792 ἀνθρωπίνου
1470 3725 1588 3788 σώματος
1611 3724 1655 3782 τήν
1681 3723 1810 3795 θλήθεεανγ

1019 3815 1168 3879 λεγέτωσαν,
1188 3816 1227 3866 θεά
1243 3818 1314 3871 ποίας
1333 3814 1419 3869 θυσίας
1438 3812 1641 3875 κατηλλάγησανς
1660 3812 1811 3882 λεγίτωσμμ1

1020 3902 1059 3953 θεά
1072 3904 1145 3954 ποίου
1159 3906 1264 3968 αίγεατος
1280 3902 1466 3969 ίλυτρόεθησανς
1480 3900 1518 3956 τίς
1536 3897 1615 3962 dccli,
1633 3894 1660 3956 ὃς
1679 3898 1725 3965 (ὥς
1737 3918 1811 3968 φησι,

1021 3991 1190 4056 θάπόοτολος)
1202 3991 1344 4061 παρίθωεεν
1355 3990 1444 4042 ἑαυτὸν
1456 3986 1517 4055 θπθρ
1529 3987 1601 4053 ἡμῶν
1613 3986 1649 4053 τῷ
1662 3985 1719 4055 θεῷ
1729 4007 1810 4060 προσ.

170 4216 187 4254 a
212 4196 268 4252 Vat
282 4193 364 4269 Hisp.
381 4198 410 4251 et
421 4195 501 4264 lsid.,
517 4194 550 4250 dc
563 4199 651 4251 utero.

520 4266 525 4276 ⁶
616 4268 621 4277 Ι
726 4266 731 4278 .
1005 4199 1072 4279 vat.
1103 4195 1305 4268 Hispetlsid.
1319 4198 1830 4283 :Effusioeaiinjiistisaoqcioicdhria

172 4269 187 4324 li
210 4268 273 4323 Vox
286 4266 417 4324 liumaoae
427 4263 509 4321 deest
519 4283 547 4321 in
559 4266 670 4338 itatisp.
686 4272 714 4322 et
725 4283 753 4321 in
766 4265 828 4322 cod.
839 4266 895 4322 Vct
905 4269 949 4324 ll.
1004 4270 1052 4330 sti,
1064 4270 1117 4322 etc.
1131 4268 1304 4339 Exemplum
1317 4286 1417 4340 prime
1427 4270 1577 4326 editionis:
1595 4271 1696 4341 Effusis
1711 4287 1830 4344 nomque

159 4340 195 4411 (c)
209 4339 277 4395 Erat
287 4338 316 4392 in
327 4337 386 4392 anti
411 4337 458 4393 uis
469 4337 552 4402 eiiii,
563 4339 644 4408 siper
654 4339 740 4394 tectae
754 4339 873 4406 Virqiois
886 4353 949 4409 por·
1001 4339 1290 4410 judisocqciiiiricm
1309 4343 1364 4410 licit
1388 4340 1473 4406 dices,
1498 4345 1552 4395 etc.
1565 4339 1630 4395 Vct.
1646 4340 1757 4396 collect.
1773 4342 1827 4397 2l:

123 4416 192 4478 tom,
204 4409 249 4465 uti
265 4410 294 4464 in
305 4353 532 4480 epistd2hcap.
544 4409 572 4474 3,
583 4409 658 4465 Mss.
681 4408 736 4463 Vct
749 4408 859 4463 collect.
876 4410 906 4463 11
924 4411 954 4463 et
1005 4409 1200 4478 admiserim
1212 4426 1263 4481 pro
1278 4412 1389 4482 injustis
1402 4412 1547 4480 εουριείιεὶε
1556 4411 1631 4482 jacti
1654 4415 1711 4466 tam
1735 4419 1830 4482 potent

122 4483 208 4552 ithai
215 4497 267 4553 per
295 4480 415 4548 Virqi‘nts
435 4483 556 4550 portum.
581 4478 755 4542 Ouesnellus
774 4495 839 4533 cum
852 4479 952 4538 decem
1007 4481 1063 4550 [uit
1078 4479 1309 4550 adpricithiiim,
1325 4485 1383 4536 tom
1395 4482 1481 4546 dices,
1492 4485 1558 4547 etc„
1577 4480 1649 4536 utin
1665 4481 1749 4551 epist.
1766 4483 1828 4538 ici.

126 4552 225 4619 codd,
237 4553 263 4606 ii
276 4551 393 4622 Virqinii
402 4554 495 4622 porto.
514 4550 682 4621 Adjccimus
699 4551 827 4606 θεαίτητον
837 4549 953 4608 duobus
968 4520 991 4585 D
1005 4548 1102 4608 Iiddlti
1119 4553 1187 4606 ante
1197 4553 1305 4616 Oucsa.
1322 4552 1396 4606 hanc
1425 4554 1602 4622 postremam
1616 4550 1770 4610 lectionem
1785 4570 1831 4611 rc·

124 4617 290 4680 vindebon.
303 4621 415 4677 collect.
425 4623 451 4675 5.
464 4619 594 4692 etilisp.‚
613 4638 647 4677 cx
669 4619 779 4700 Ratisp.
790 4620 857 4701 Vat.¹
876 4619 951 4701 ¹lleg.
1007 4620 1148 4691 cipicntcs
1162 4626 1229 4692 post
1239 4623 1310 4692 justi
1321 4622 1509 4676 inseruerunt
1524 4621 1635 4677 Christi.
1727 4613 1731 4630 ’

126 4700 157 4751 ct
167 4693 224 4750 idio
234 4693 299 4748 Vst.
314 4690 426 4748 collect.
437 4693 484 4757 2t,
500 4707 553 4746 nec
577 4707 635 4747 non
659 4707 693 4746 eii
704 4707 799 4763 prima
813 4692 950 4747 editione.
1044 4691 1083 4763 (i)
1097 4690 1166 4746 Cod.
1184 4692 1270 4747 (lorti.
1286 4691 1397 4747 collect.
1410 4695 1437 4746 2.
1450 4694 1551 4747 renati.

126 4762 329 4822 Graccversio
339 4762 415 4818 lianc
426 4761 604 4818 additionem
616 4761 778 4817 confirmat.
1043 4762 1076 4833 (ι’)
1092 4761 1190 4817 Prima
1203 4762 1303 4827 editio,
1318 4764 1534 4819 tcmsacratcm.
1550 4763 1672 4821 Vossius
1679 4765 1710 4822 in
1725 4781 1830 4840 marg„

163 4836 204 4908 (dl
214 4837 257 4896 lta
267 4851 335 4891 cum
347 4833 406 4891 enti
431 4833 571 4890 uiseditis
580 4832 713 4906 plerique
726 4831 817 4888 nostri
829 4831 952 4887 codices.
1009 4835 1066 4887 tam
1079 4849 1199 4888 cccrum.
1681 4840 1684 4846 “

127 4899 414 4965 nilamnionem.
442 4908 552 4977 ‚potest
566 4903 636 4959 utin
648 4904 733 4975 epist.
744 4904 806 4958 124.
817 4901 956 4968 Oucscel·
1045 4904 1078 4975 (j)
1093 4903 1217 4985 itatisp,
1232 4918 1268 4983 σα
1281 4902 1380 4959 citari.
1398 4902 1496 4960 Prima
1509 4904 1611 4974 editio,
1628 4907 1658 4961 ia
1673 4907 1770 4962 altare.

128 4979 290 5051 inspectit,
300 4977 347 5033 cui
358 4976 446 5049 aliqui
459 4976 543 5031 codd.
553 4975 760 5046 suffragantur.
772 4974 842 5029 Dein
860 4975 954 5045 propi·
1046 4974 1083 5046 (t)
1099 4974 1171 5029 Cum
1181 4990 1211 5027 in
1222 4973 1384 5029 vindebon.
1397 4974 1478 5048 Hisp.
1489 4991 1540 5047 per
1550 4976 1657 5032 saltum
1666 4976 1761 5033 desint
1769 4990 1833 5032 vcr-

126 5053 246 5108 iteretur
253 5048 283 5104 in
294 5047 390 5104 tribus
400 5064 472 5103 mss.
486 5050 515 5102 et
526 5045 654 5130 antiquis
663 5044 800 5116 vulgatis.
1009 5045 1057 5113 ba,
1070 5044 1199 5111 Quamvis
1213 5046 1287 5098 enim
1295 5045 1618 5114 multorumecoctorum,
1631 5047 1661 5102 in
1672 5047 1735 5102 Vel.
1749 5046 1831 5128 Hisp.

163 5121 200 5193 (ε)
216 5121 506 5177 Nisiecinicmcousc
530 5117 666 5172 mediator
688 5116 738 5171 Dei
761 5114 957 5186 hominumque
1010 5120 1040 5171 et
1049 5115 1151 5171 exinde
1166 5113 1339 5170 inlsid.alia
1351 5115 1435 5171 lectio
1458 5117 1578 5173 inducta
1599 5117 1654 5172 luit
1673 5115 1833 5172 arbitrario

126 5189 433 5263 mmmccccs‘peretin
446 5190 562 5244 duobus
572 5205 645 5244 mss.
662 5187 783 5255 Oresa„
800 5186 955 5252 Thuanot,
1012 5187 1201 5242 correctionis
1212 5203 1301 5241 causa
1312 5187 1357 5242 :lii
1369 5195 1509 5258 conspectu
1518 5188 1630 5242 Domini
1634 5188 1755 5258 pretioso
1770 5188 1833 5259 jus·

127 5261 311 5334 i'reccpith.,
325 5262 355 5316 in
372 5259 641 5317 nostroVindebcn.
657 5258 770 5314 collect.
786 5259 804 5313 5
817 5261 846 5313 et
859 5259 889 5312 in
898 5257 957 5329 pri·
1011 5266 1102 5312 terum
1112 5273 1185 5312 mora
1194 5259 1268 5329 filiu
1279 5261 1308 5312 et
1322 5256 1513 5314 nihilominus
1524 5257 1667 5323 subditur,
1678 5256 1785 5313 nultius
1795 5260 1835 5313 la·

129 5351 180 5392 ma
190 5334 330 5397 editione,
356 5349 419 5405 quae
433 5332 528 5388 solum
540 5332 686 5404 discrepat
697 5330 786 5386 aerbo
800 5331 957 5401 crumperet,
1011 5344 1084 5394 ενιειε,
1101 5344 1165 5399 quie
1180 5332 1357 5399 presumunt
1366 5327 1624 5401 quomcii‚velquid
1640 5326 1746 5384 simile.
1762 5326 1834 5385 Dein

129 5422 185 5480 pro
200 5421 260 5477 quo
275 5404 364 5460 habet
376 5405 544 5473 siccepi'iiet.
1012 5398 1077 5454 Vat.
1094 5398 1205 5454 collect.
1222 5401 1249 5469 8,
1267 5401 1371 5455 nullius
1386 5403 1477 5454 ιαοεεεε
1490 5400 1521 5453 in
1533 5400 1621 5454 sancti
1634 5399 1767 5456 σεείείοεεο
1788 5415 1836 5457 re·

139 5514 142 5518 ›
166 5476 202 5550 (f)
216 5476 284 5532 Vnt.
300 5474 411 5531 collect.
427 5476 455 5542 3,
470 5478 499 5530 et
512 5472 678 5548 exemplum
694 5471 795 5545 prime
810 5469 958 5541 editionis,
1012 5468 1130 5560 deoptio
1145 5469 1212 5543 fcit.

126 5564 184 5625 per
198 5549 285 5604 ccicc
299 5549 423 5604 ωονιεοε.
1053 5546 1060 5578 ¹
1084 5540 1111 5590 Ἥ
1127 5539 1253 5602 ivstitia·
1269 5540 1333 5597 lioec
1344 5540 1402 5596 duo
1416 5538 1504 5595 verba
1531 5540 1683 5615 superflua
1709 5546 1791 5614 sunt,
1808 5546 1839 5604 et

168 5619 262 5694 (pllio
273 5634 341 5675 cum
352 5615 490 5674 undecim
498 5633 571 5673 mss.
587 5613 734 5680 Ouesnclli
744 5614 781 5672 ab
791 5629 824 5670 eo
832 5611 960 5669 laudatis
1016 5627 1124 5691 purum
1141 5617 1245 5690 putum
1261 5611 1407 5686 glossema
1419 5609 1547 5686 sapiunt.

136 5696 201 5751 not.
211 5688 405 5761 2‚duodecim
420 5689 514 5745 nostri
533 5688 629 5757 codd„
654 5684 734 5762 iique
748 5683 960 5763 potioresddss.

289 5816 424 5886 Prisci..
446 5813 523 5882 tlt.
1636 5810 1675 5882 ti
