4050 6175
139 405 148 414 “
225 415 284 479 aar
787 411 820 478 s.
842 408 981 477 teonis
1005 405 1130 488 uteru
1152 403 1365 472 ertsronru.
1844 415 1895 478 ηις

262 550 401 604 imrncrito
467 550 551 605 oritus
563 550 659 622 suem,
675 565 724 605 oea
737 550 768 604 in
777 549 825 621 jos
837 551 956 614 vocator,
972 547 1161 618 conqueritur.
1177 572 1212 585 -
1228 540 1274 625 lv:
1288 542 1428 615 Susceptoa
1442 559 1461 600 a
1474 559 1503 600 sa
1522 559 1573 617 pro
1597 544 1712 602 Ecclesia
1733 539 1825 606 tiores
1841 565 1895 606 ειιιν

261 626 361 677 suarm.
376 650 411 661 -
452 662 458 675 .
474 623 537 676 orat
551 621 685 677 acaedam
700 621 906 693 apostoticomo
924 619 1030 691 petione
1042 617 1208 688 repeilatur:
1223 629 1269 670 σοι
1283 613 1365 683 fidem
1382 631 1463 671 soom
1474 617 1591 688 probari
1601 625 1673 692 optat
1686 634 1718 674 cx
1729 623 1895 692 εστιμείειοίες

258 707 323 818 qaae
337 692 448 748 indicat.
465 723 499 733 —
513 692 560 748 v1.
576 692 661 748 sieta
675 694 761 749 Leone
773 692 873 755 capiti
912 707 956 748 σοι
970 689 1037 762 quid
1050 689 1083 745 de
1096 687 1234 760 Ephesiae
1247 687 1383 741 εεοθενιθίο
1398 703 1478 771 opere
1492 687 1595 744 debeat.
1611 719 1645 731 -
1660 689 1715 745 Vlf.
1734 692 1832 763 ἰεμοεοι
1849 709 1899 750 ινος

281 765 353 830 coni,
363 779 444 836 cepoe
457 764 516 835 ejas
527 765 653 835 precibus
668 779 701 819 ac
714 762 895 823 sollicitudini
908 759 1099 823 cominendat;
1113 775 1142 816 se
1156 758 1279 828 aliosque
1293 756 1395 814 titteris
1410 761 1598 832 imperatoriis
1612 761 1800 832 retardarat
1808 767 1899 838 pontip-

260 837 512 908 oeioseconsorant.

406 959 483 1015 aaa
499 958 588 1015 Leoru
603 959 739 1032 episeopo
755 959 863 1014 Roma.
1069 959 1098 1025 Α
1193 937 1222 964 ”
1285 953 1366 1016 941
1385 963 1476 1011 Λέοντι
1489 961 1617 1023 tanariae
1639 963 1742 1023 Ῥώμης.

259 1046 327 1104 Cur.
337 1047 359 1102 f.
370 1078 404 1087 —
414 1048 445 1103 Si
455 1047 573 1116 Paulus,
585 1065 678 1121 preco
687 1047 826 1114 veritatis,
838 1047 909 1103 tuba
917 1045 1044 1120 Spiritus

226 1134 331 1204 sanati,
347 1135 382 1191 ad
390 1152 530 1209 magnum
538 1136 693 1193 Petrumse
701 1135 835 1205 contulit,
843 1136 973 1208 utiisqui
990 1137 1051 1190 An-

225 1223 339 1279 tiochiae
355 1223 487 1297 delegati
502 1224 719 1281 conversatione
727 1225 916 1298 ambigebant
925 1222 1051 1296 explica·

226 1312 336 1369 tionem
351 1312 388 1368 ab
404 1311 454 1368 illo
469 1313 598 1381 referret,
608 1312 700 1369 multo
713 1313 807 1386 magis
820 1329 874 1368 noe
885 1311 1013 1368 humiles
1020 1315 1049 1367 et

227 1400 327 1474 pusilli
343 1402 380 1458 nd
395 1401 690 1475 apostolicamsedem
698 1407 824 1457 vestram
832 1401 1052 1466 accurimus,ut

226 1489 1049 1563 Ecclesiarumulceribueremediumavobisncoipiamus.

225 1578 316 1636 Vobis
330 1579 409 1636 enim
433 1580 544 1652 primas
567 1581 597 1636 in
622 1579 760 1635 omnibus
784 1583 881 1636 tenere
905 1577 1051 1634 convenit.

226 1666 329 1723 Multis
344 1667 489 1740 siquidem
505 1667 704 1741 prerogativis
718 1668 1051 1724 ornatursedesvestra.

226 1755 341 1811 Etenim
357 1755 429 1811 alias
445 1753 1052 1828 urbeaornatvelmaguitudo‚velpulchri-

227 1844 308 1913 tudo,
322 1842 368 1898 vel
382 1842 582 1899 habitatorum
597 1843 761 1915 frequentia
780 1841 938 1899 nonnullas
962 1842 1053 1899 etiam

227 1948 291 2005 que
302 1930 349 1988 his
363 1935 464 1987 carent
478 1930 788 2005 spiritualiaquaedam
796 1931 873 1987 dona
884 1929 1053 1987 illustrent:

227 2025 328 2077 vestra
337 2036 402 2077 vera
413 2020 556 2076 bonorum
570 2020 762 2089 affluentiam,
774 2021 917 2076 bonorum
929 2020 1057 2093 largitor

229 2109 318 2166 dedit.
328 2109 466 2166 fllaenim
475 2110 608 2165 omnium
619 2109 748 2166 maxime
757 2114 786 2165 et
797 2108 974 2180 clarissima,
990 2126 1055 2181 qun

229 2201 258 2254 et
271 2197 334 2254 orbi
342 2201 486 2254 terrarum
494 2198 641 2270 praesidet,
649 2202 678 2254 et
689 2197 852 2254 incolarum
864 2197 1055 2254 multitudine

229 2286 384 2343 redundat.
393 2286 436 2342 Ad
445 2286 505 2342 heo
515 2287 856 2359 Malimperiumquod
865 2302 962 2342 rerum
973 2301 1052 2342 nunc

229 2376 349 2448 potitur,
365 2375 970 2448 etsuumipsauomensubditisimpertiit.
980 2379 1055 2431 Prae·

229 2463 314 2538 cipue
328 2463 1055 2535 autemilfamfrdeeornat,oujnstestisidaneuseet

229 2552 346 2609 divinus
360 2552 470 2610 Paulus
484 2553 614 2609 olamans
627 2554 719 2609 :Fides
729 2554 1013 2608 vestioonouotiator
1024 2553 1055 2607 in

228 2641 473 2697 anianaemerito
499 2643 587 2713 (Rom.
608 2658 617 2694 1
641 2642 678 2712 8).
704 2641 785 2707 Quod
811 2640 835 2696 si
859 2640 960 2696 statim
987 2644 1054 2712 post

228 2735 366 2799 suscepta
380 2728 518 2784 salutaris
534 2728 748 2800 praedicationis
764 2727 879 2784 semina
902 2726 1051 2784 mirabiles

227 2815 403 2871 husfructus
411 2816 557 2871 uberrime
565 2815 697 2888 protulit,
705 2816 896 2888 praedicanda
904 2832 968 2888 que
978 2815 1008 2870 in
1020 2832 1054 2872 ea

227 2920 307 2959 nune
322 2904 400 2976 viget
413 2904 514 2976 pietati
530 2920 664 2976 quanam
679 2920 732 2976 par
746 2920 810 2959 esse
824 2902 918 2976 possit
937 2903 1053 2960 oratio?

227 2992 320 3048 Habet
329 2995 470 3062 preterea
479 2990 683 3047 communium
695 2997 812 3064 patrum
827 2991 1051 3064 magistrorum-

226 3097 285 3154 que
299 3078 787 3154 veritatisPetrietPautisepulera,
796 3078 1053 3137 fideliumanimas

227 3169 435 3226 illuminantia.
448 3173 577 3237 Quorum
588 3169 793 3227 beatissimum
805 3185 838 3225 ac
846 3169 978 3225 divinum
987 3186 1051 3242 par,

227 3259 258 3315 in
273 3258 390 3316 Oriente
400 3259 519 3331 quidem
530 3262 663 3316 exartum
674 3261 754 3315 estet
765 3258 1052 3331 radiosquaquavcr·

226 3360 295 3406 eum
311 3348 445 3418 diffudit;
462 3349 514 3406 sed
529 3349 559 3404 in
572 3347 726 3404 Occidente
740 3346 803 3403 vitae
818 3363 955 3404 occasum
975 3345 1052 3403 ultro

228 3438 330 3506 subiit,
340 3441 428 3510 atque
436 3437 504 3494 inde
512 3454 591 3494 nunc
599 3437 698 3493 orbem
707 3437 877 3493 universum
888 3435 1050 3493 collustrat.

229 3527 264 3584 Hi
279 3527 379 3584 sedem
392 3531 519 3585 vestrum
534 3525 751 3584 nobilissimam
771 3525 978 3594 reddiderunt;
1004 3524 1052 3582 hio

229 3618 600 3673 bonorumvestrorumest
610 3613 1051 3688 apox.Atilfornmsadcmnunc

227 3703 854 3771 ctiamillorumDeusillustravit,duminea
864 3702 1049 3759 sanctitatem
1064 3698 1086 3766 C

226 3799 353 3851 vestram
368 3798 452 3851 rectae
478 3793 546 3849 fiunt
570 3792 667 3849 radios
690 3793 859 3848 fundentem
887 3790 1048 3847 const'tuit.

1069 2330 1093 2395 B

259 3979 326 4035 Cur.
343 3978 376 4036 ff.
394 3979 534 4049 -Cujus
549 3979 668 4051 quidem
683 3977 724 4033 rei
739 3995 806 4034 cum
822 3976 880 4035 alia
900 3976 995 4034 multa
1019 3978 1049 4034 in

225 4071 363 4142 promptu
374 4066 434 4123 sint
444 4071 626 4139 argumenta,
636 4066 746 4123 sufficit
756 4066 835 4123 nefus
843 4070 939 4123 vester
948 4067 1049 4123 adver·

221 4154 1050 4228 ausinfameshfaniahaeos,quamsanotitasvestraio)nu-

220 4262 273 4321 per
284 4245 406 4311 exeruit,
420 4248 449 4302 et
461 4261 518 4317 qua
533 4261 632 4301 rerum
647 4243 813 4299 divinarum
828 4244 926 4301 studio
950 4246 1047 4300 vester

219 4337 250 4392 in
267 4337 360 4393 Deum
370 4335 409 4393 ait
423 4350 506 4391 amor
518 4334 664 4407 patefecit.
681 4333 838 4389 Sufficiunt
852 4338 955 4405 etque
966 4349 1047 4389 nunc

221 4426 332 4483 avubis
348 4428 457 4498 scripta
471 4428 550 4491 sunt,
567 4428 600 4479 ut
623 4421 817 4495 apostolicum
841 4421 1042 4478 characterem

221 4515 522 4572 vestrumnstendant.
531 4513 825 4585 Incidimusuamque
835 4511 865 4566 in
876 4510 998 4584 illaque
1006 4510 1041 4567 de

222 4600 1046 4677 DeiSalvatoriequenostriincarnationesnnotitasvestra

221 4688 1049 4766 (b)scripsit,etadmiratisumuscxuotamoperisdifigen-

220 4794 303 4852 tiam.
322 4791 449 4864 Utraque
472 4792 551 4846 enim
565 4791 698 4847 eamdem
715 4806 804 4862 opera
827 4788 1003 4854 declarabat,
1019 4790 1049 4842 ct

220 4919 376 4997 Ephesiae.
388 4919 460 4976 Cum
472 4915 550 4972 enim
561 4914 772 4998 legatoseidem
781 4911 992 4996 contradixisse
1002 4911 1047 4967 in·
1062 4912 1086 4978 Ι]

221 4993 342 5063 tellerit,
356 4995 385 5048 et
400 4989 507 5047 celebri
518 4989 623 5045 Leonis
633 4988 668 5043 ad
680 4985 851 5042 Flauianum
863 4983 987 5057 epistola
999 5000 1047 5040 nc·

172 5082 182 5095 “
220 5072 315 5140 cepta,
332 5081 417 5120 suam
433 5062 597 5118 doctrinam
613 5059 643 5114 in
658 5058 916 5125 enconfirmntam‚
927 5057 1048 5112 otada·

219 5140 314 5196 ctrina
328 5135 460 5208 ejusdem
476 5131 691 5205 pseudosynodi
707 5130 833 5185 alienum
844 5126 1046 5200 deprehendit,

220 5212 256 5267 ad
272 5210 410 5267 eumdem
438 5202 885 5270 ontifioem,uteiauamcuusarn
897 5217 1045 5259 canimen-

220 5284 312 5347 daret,
322 5224 476 5353 epistofam
486 5277 575 5332 dedit.
585 5272 767 5346 igiturpaulo
774 5278 841 5353 post
849 5288 913 5354 eam
921 5271 1046 5343 pseuda-

220 5356 366 5426 synodum
381 5350 490 5422 scriptu
505 5347 570 5413 fuit,
585 5361 652 5401 cum
668 5349 830 5415 prasertim
854 5359 919 5414 ipsa
941 5341 1046 5398 saltem

222 5424 335 5495 integra
349 5421 463 5479 concilii
480 5425 563 5494 gesta
587 5416 717 5472 noudum
740 5414 901 5486 acceperit:
923 5413 1047 5470 credidit

222 5495 299 5550 enim
309 5495 453 5550 Renatum
464 5493 498 5548 tt.
511 5493 542 5548 u,
555 5491 757 5563 presbyterum
767 5484 1047 5552 eideminterfuiuse,

222 5565 273 5647 qui
284 5571 381 5620 tamen
392 5566 421 5619 in
433 5565 536 5620 itincre
547 5568 612 5617 urite
620 5559 765 5633 aquodam
776 5556 896 5612 obierat.
909 5556 1046 5612 Probabi-

221 5636 287 5691 lrter
299 5652 367 5708 ergo
382 5643 500 5691 exarata
514 5634 570 5689 fuit
584 5633 639 5688 suh
655 5633 743 5687 tinem
760 5645 807 5683 an.
819 5628 881 5709 titi.
895 5627 1047 5684 Enimvero

221 5706 251 5763 in
265 5705 331 5778 ipsa
344 5706 467 5778 epistota
482 5723 507 5762 c.
523 5710 539 5761 t
554 5709 679 5762 testatur
693 5701 794 5774 sejam
817 5716 926 5758 ramese
949 5699 1047 5757 Eccle-

221 5777 297 5845 eiam
312 5778 381 5839 anai
395 5792 445 5837 ren
459 5779 484 5835 ct
500 5776 617 5852 oiqieti3
634 5776 664 5836 in
680 5774 738 5835 ntia
752 5774 851 5835 autem
862 5769 984 5853 epistola
996 5771 1049 5833 116

1152 1051 1177 1101 Εἰ
1199 1051 1294 1106 Ιίαύλος
1308 1053 1352 1111 τῆς
1367 1053 1480 1109 ἀληθείας
1494 1053 1507 1100 ό
1520 1052 1606 1116 κήρνξ,
1621 1055 1637 1111 ἡ
1654 1059 1696 1101 τού
1713 1055 1779 1112 aaron
1795 1053 1885 1116 πνεύμα·

1117 1157 1159 1197 τος
1177 1142 1278 1202 σιἰἶτπιγξ
1297 1142 1358 1205 πρὸς
1376 1141 1418 1189 τόν
1445 1142 1519 1203 μέγαν
1541 1140 1630 1206 έδραμε
1653 1142 1754 1205 Ιίἐτρον,
1775 1143 1886 1198 ὢττιτοὶς

1117 1230 1142 1279 ἰν
1164 1231 1294 1295 Ἀντιοχείᾳ
1314 1231 1370 1293 περὶ
1395 1231 1438 1288 τῆς
1458 1231 1522 1278 κατὰ
1544 1231 1621 1292 νόμον
1648 1231 1766 1285 πολιτείας
1786 1230 1888 1293 intratq-

1118 1317 1190 1369 τούσι
1204 1319 1262 1382 παρ’
1280 1317 1357 1368 αὐτού
1373 1319 1476 1382 κομίσαι
1489 1319 1534 1376 vir
1549 1318 1628 1378 boati,
1644 1322 1722 1368 πολλῶ
1736 1321 1818 1381 μαλλον
1830 1319 1888 1382 ἡμεῖς

1117 1409 1140 1458 οἰ
1165 1408 1268 1462 εύτελεζς
1295 1408 1337 1455 καί
1362 1407 1471 1472 σμικροὶ,
1494 1408 1556 1472 πρός
1585 1406 1627 1456 τόν
1656 1409 1810 1457 ἀποστολικόν
1831 1409 1889 1471 ύμύν

1117 1498 1236 1564 τρέχομεν
1258 1498 1353 1560 θρόνον.
1376 1498 1458 1544 Ὥστε
1481 1494 1536 1561 παρ’
1550 1498 1620 1559 ἀμῶν
1638 1497 1719 1547 λαθεῖν
1737 1498 1785 1552 τοῖς
1802 1498 1844 1545 τόν
1858 1497 1890 1547 ἰτ-

1116 1587 1223 1644 κληοιών
1242 1587 1324 1634 ἕλκεσι
1338 1585 1474 1650 θεραπείαν.
1493 1585 1540 1635 Διά
1552 1587 1633 1634 πάντα
1652 1589 1698 1652 γὰρ
1711 1587 1777 1650 ὑμῶν
1789 1586 1815 1635 τό
1834 1602 1890 1652 ερον·

1117 1677 1194 1724 τείειν
1210 1675 1337 1738 ἁρμόττει.
1352 1674 1453 1728 Πολλοῖς
1464 1676 1511 1738 γὰρ
1524 1676 1537 1722 ό
1552 1674 1673 1738 ὑμέτερος
1686 1675 1771 1738 θρόνος
1782 1675 1892 1737 κοσμεῖται

1117 1764 1323 1825 πλεονεκτήμασι.
1338 1764 1390 1816 'far
1408 1761 1450 1824 μεν
1469 1761 1516 1825 γὰρ
1535 1758 1608 1817 ἄλλος
1625 1762 1707 1816 πόλεις
1723 1757 1738 1821 ἦ
1760 1763 1859 1824 μέγεθος,
1878 1754 1893 1821 ἦ

1116 1853 1213 1912 καλλος,
1226 1847 1343 1909 ἢιιλῆθος
1356 1850 1405 1897 τῶν
1420 1849 1558 1914 οἰκητόρων
1574 1850 1674 1914 κοσμεῖ.
1688 1851 1785 1900 Τούτων
1798 1850 1821 1898 tt
1836 1849 1893 1898 ἰστι·

1117 1940 1225 2005 ρημένας
1247 1940 1401 2000 πνευματικὰ
1418 1938 1473 1987 τινὰ
1493 1938 1629 2004 λαμπρύνει
1650 1940 1803 2004 χαρίσματα
1825 1943 1851 2002 τῇ
1871 1937 1892 1986 tt

1117 2029 1225 2091 ὑμετέρᾳ
1238 2031 1315 2093 σορόν
1330 2029 1420 2076 ἔδωκεν
1433 2027 1531 2088 ἀγαθῶν
1546 2027 1560 2075 ό
1572 2028 1621 2076 τὼν
1635 2029 1732 2090 ἀγαθῶν
1742 2026 1849 2093 χορηγός.
1867 2026 1892 2075 ‘u

1120 2117 1167 2182 γὰρ
1195 2118 1256 2174 αὑτὴ
1286 2117 1371 2164 πασῶν
1404 2114 1516 2177 μεγίστη,
1539 2114 1582 2165 καί
1611 2116 1782 2182 λαμπροτάτη,
1806 2117 1842 2164 aab
1859 2115 1894 2174 τῆς

1117 2205 1265 2267 οἰκουμένης
1281 2205 1467 2269 προκαθημένη,
1487 2202 1529 2252 καὶ
1547 2205 1583 2266 τῷ
1599 2206 1686 2263 πλήθει
1704 2207 1752 2272 τῶν
1774 2202 1893 2269 οἰκητόρων

1118 2301 1283 2361 κυμαίνουσα.
1303 2297 1369 2361 Ιίρός
1386 2295 1412 2344 et
1431 2296 1538 2354 τούτοις,
1549 2286 1635 2355 943
1657 2298 1699 2348 καί
1715 2296 1757 2348 νῦν
1773 2293 1894 2362 κρατοῦσαν

1117 2391 1250 2453 ἠγεμονίαν
1271 2390 1421 2446 ἑόλόοτησε·
1440 2388 1483 2438 καί
1500 2389 1545 2448 τῆς
1562 2388 1657 2444 οἰκείας
1675 2386 1835 2452 προσηγορίας
1854 2383 1895 2440 τοῖς

1118 2480 1264 2548 ἀρχομένοις
1287 2480 1421 2541 μιιίόωκε.
1448 2478 1544 2540 Ιίοομεῖ
1564 2477 1591 2526 et
1614 2478 1693 2536 αὐτὴν
1715 2475 1893 2541 tramittere

1116 2570 1209 2625 πίστις·
1229 2568 1272 2618 καί
1290 2567 1386 2633 μόρτυρ
1406 2567 1539 2632 ἀξιόχρεως
1560 2568 1574 2615 ἀ
1592 2565 1660 2622 θεῖος
1678 2565 1812 2620 ἀπόστολος
1832 2562 1894 2628 βαῖνε.

1119 2660 1159 2710 ότι
1179 2661 1194 2716 ἡ
1209 2658 1290 2713 πίστις
1302 2658 1373 2722 ὑμῶν
1396 2657 1587 2718 καταγγέλλεται
1606 2654 1632 2703 ἰν
1654 2657 1704 2718 ota
1719 2655 1754 2718 τῷ
1770 2650 1895 2717 aione-ft

1115 2746 1142 2795 δί
1165 2747 1237 2801 ababa
1252 2746 1370 2808 δεξαμένη
1397 2745 1429 2793 aii
1451 2742 1495 2793 τού
1514 2744 1643 2807 σωτηρίου
1661 2742 1816 2807 κηρύγματος
1832 2738 1895 2802 axit-

1117 2851 1193 2898 ματα,
1217 2836 1269 2889 τοῖς
1292 2834 1449 2895 ἀξιαγίιοτσις
1478 2831 1575 2888 τούτοις
1596 2831 1717 2896 thabathae
1744 2830 1848 2898 καρποῖς,
1866 2826 1896 2883 tit

1118 2924 1215 2989 ἀπόχρη
1234 2924 1306 2984 λογος
1323 2925 1367 2981 την
1386 2919 1429 2971 νόν
1447 2920 1472 2969 ἰν
1492 2920 1555 2984 αὐτῇ
1570 2921 1766 2986 πολιτευομένην
1789 2917 1896 2971 abatiam

1118 3009 1272 3072 ιύρημήσαι;
1293 3006 1343 3073 ἔχει
1364 3006 1391 3055 et
1410 3006 1519 3056 καὶτῶν
1541 3005 1631 3055 κοινῶν
1654 3007 1767 3072 πατέρων
1784 3006 1823 3055 καί
1841 3004 1896 3055 isba·

1118 3101 1217 3151 σκύλων
1233 3100 1276 3157 τῆς
1293 3096 1406 3156 ἀληθείας
1419 3096 1516 3162 ΙΙίτρου
1531 3096 1572 3145 καί
1587 3095 1690 3147 ΙΙαύὶου
1706 3097 1749 3152 τὰς
1765 3096 1845 3155 θήκας,
1856 3093 1896 3143 τόν

1115 3188 1210 3240 πιστῶν
1233 3186 1279 3242 τὰς
1298 3185 1378 3250 ψυχὰς
1390 3183 1553 3246 φωτιζούσας.
1577 3184 1609 3232 ‘u
1627 3184 1656 3233 et
1679 3185 1838 3251 aprapaaapia
1850 3183 1898 3234 τού·

1116 3296 1165 3330 των
1182 3275 1224 3326 καί
1238 3275 1291 3324 θεῖα
1307 3271 1407 3337 ξυνωρίς
1419 3271 1525 3329 &reseda
1538 3271 1581 3335 μὲν
1596 3270 1621 3322 ἰν
1637 3278 1670 3337 τῇ
1688 3273 1739 3338 ἐῴςμ
1754 3271 1793 3321 καί
1805 3273 1898 3323 πάντοσε

1116 3370 1160 3422 τὰς
1170 3364 1270 3420 ἀκτῖνας
1284 3362 1426 3425 ἐξέπεμψεν.
1453 3361 1493 3409 Ἓν
1504 3361 1530 3410 δέ
1542 3366 1572 3425 τῇ
1584 3359 1656 3411 δύσει
1667 3362 1798 3429 προθύμως
1812 3360 1897 3418 titiana

1117 3458 1161 3512 τὰς
1174 3452 1220 3504 τού
1235 3453 1290 3518 βίου
1302 3452 1407 3515 turpat,
1419 3450 1533 3516 κάκεῖθεν
1544 3455 1588 3498 νῦν
1604 3454 1753 3515 κατουγόζει
1770 3452 1811 3511 τήν
1828 3452 1898 3503 ataro-

1117 3547 1200 3610 μόνην.
1229 3533 1306 3592 θύται
1329 3540 1371 3589 τόν
1401 3540 1521 3606 ὑμέτερον
1549 3542 1764 3605 περιφανέστατον
1788 3541 1897 3607 ἀτίμητον

1116 3631 1210 3698 θρόνον.
1225 3621 1306 3687 Ούτος
1319 3630 1368 3678 τῶν
1385 3628 1483 3691 ἀγαθῶν
1498 3628 1548 3677 τῶν
1563 3630 1694 3694 ὑμετέρων
1709 3634 1723 3681 t
1738 3629 1854 3694 ιιολσρύν.
1870 3628 1897 3677 Ὅ

1116 3721 1137 3771 ό*
1150 3722 1251 3771 ἰκτίνων
1264 3719 1318 3775 θεός
1331 3719 1372 3767 καὶ
1384 3716 1427 3767 νύν
1439 3715 1481 3767 τόν
1493 3717 1593 3768 ἐκείνων
1604 3718 1747 3785 ἐλόμπρννε
1761 3719 1852 3788 θρόνον,
1863 3717 1899 3778 τόν

1115 3812 1237 3877 ὑμετέραν
1248 3806 1388 3872 ἁγιωσύνην
1403 3806 1505 3874 ἱδρύσας
1524 3805 1549 3856 ἐν
1563 3805 1647 3874 τούτῳ
1664 3810 1708 3869 τῆς
1721 3808 1853 3875 όρθοδοῖίας
1863 3804 1899 3862 τότ

1115 3899 1216 3955 ἀκτῖνας
1226 3896 1347 3960 ἀφιεῖσαν.

1151 3987 1203 4037 nat
1213 3986 1304 4036 τούτου
1317 3984 1393 4034 πολλὰ
1411 3984 1454 4049 μέν
1466 3983 1533 4034 ἰστιν
1549 3985 1629 4050 εύρείν
1644 3986 1688 4036 καί
1707 3983 1766 4038 ἀλλα
1777 3985 1903 4050 τεκμήρια*

1117 4075 1192 4143 ἀρκεῖ
1203 4075 1230 4124 et
1248 4074 1318 4137 ὑμῶν
1338 4072 1380 4122 καῖ
1401 4074 1497 4122 baara
1520 4072 1569 4121 τῶν
1592 4074 1749 4140 δυσωνύμου
1774 4071 1899 4141 Ιανιγαίαι

1117 4165 1199 4225 ζῆλος,
1218 4159 1245 4213 όν
1264 4164 1348 4229 πρώην
1367 4162 1466 4226 ύμῶνη
1485 4161 1585 4220 ὁσιότης
1600 4161 1737 4228 ίγύμυασι,
1757 4164 1848 4220 δείξασα
1860 4161 1898 4221 abr

1117 4255 1174 4322 περί
1191 4255 1222 4302 τὰ
1240 4253 1292 4303 θεῖα
1318 4255 1362 4312 τῆς
1384 4252 1506 4317 ύμετέρας
1527 4250 1649 4315 potabatur
1667 4255 1777 4313 σπουδήν
1809 4252 1898 4317 baim

1115 4344 1159 4395 ιιαί
1178 4345 1209 4394 τὰ
1220 4348 1262 4393 νῦν
1280 4341 1338 4406 παρ’
1359 4342 1428 4404 ὑμῶν
1443 4342 1566 4407 γραφέντα
1586 4341 1628 4391 τόν
1658 4343 1825 4395 Ἀπεστολικόν
1838 4339 1898 4407 ipis

1117 4433 1268 4500 χαρακτῆρα
1281 4433 1396 4490 δηλῶσαι.
1426 4432 1639 4497 Ἑντετυχήκαμεν
1658 4434 1706 4498 γὰρ
1724 4434 1774 4490 τοῖο
1787 4431 1849 4499 παρὰ
1862 4429 1899 4491 τῆς

1115 4525 1161 4583 σῆς
1175 4521 1288 4588 γραρτῖσι
1307 4521 1504 4586 ὁσιότηταςπερί
1524 4520 1568 4579 τῆς
1590 4519 1637 4571 τού
1652 4522 1719 4573 Θεοῦ
1738 4524 1779 4574 παλ
1799 4520 1898 4585 σωτῆρες

1116 4613 1186 4675 ὑμῶν
1203 4611 1420 4672 ίνανθρωπησεως,
1439 4609 1481 4658 καί
1499 4609 1674 4673 ἐθαυμάσαμεν
1690 4615 1734 4671 την
1749 4613 1795 4661 τῶν
1805 4622 1898 4674 γεγρεμ·

1118 4702 1198 4766 μένων
1217 4699 1341 4766 &epibatae
1364 4700 1499 4763 ’,ἀμφότερα
1512 4700 1557 4764 γὰρ
1571 4701 1635 4750 κατὰ
1652 4702 1741 4751 ταυτὸν
1756 4700 1845 4758 ἐδήλου,
1862 4694 1897 4746 aab

1115 4792 1159 4849 τήν
1174 4789 1202 4837 όκ
1220 4795 1263 4839 τού
1279 4790 1357 4838 όιιόζου
1375 4789 1467 4852 πατρὸς
1481 4786 1556 4837 όίόιυν
1571 4790 1676 4846 habenta
1691 4796 1735 4839 τοῦ
1755 4780 1897 4853 parentabo

1101 4909 1222 4967 totidem
1234 4926 1327 4967 annus
1337 4910 1383 4967 sui
1394 4911 1581 4987 episcopatus
1590 4918 1736 4970 memorat
1746 4928 1810 4969 curn
1819 4898 1913 4979 Ephesi

1102 4982 1253 5055 depositus
1270 4982 1324 5038 fuit
1335 4984 1382 5040 die
1398 4985 1432 5039 10
1445 4985 1569 5057 Augusti
1585 5002 1633 5040 an.
1650 4985 1733 5041 ital
1755 4976 1909 5038 itureadcm

1102 5072 1178 5111 anno
1189 5052 1344 5126 epistolam
1360 5057 1488 5129 scripsit,
1505 5073 1563 5129 quo
1580 5001 1806 5129 depositusiuit.
1818 5047 1911 5105 eodem

1103 5131 1232 5197 tempore
1248 5126 1322 5180 (fuas
1337 5126 1410 5182 alias
1426 5128 1564 5198 epistolas
1580 5129 1669 5193 dedit,
1686 5127 1806 5183 niteram
1824 5120 1869 5175 ffb
1881 5113 1911 5170 td

1102 5199 1257 5264 ltenaturn,
1273 5213 1360 5267 quern
1378 5199 1473 5255 vivum
1486 5200 1679 5271 presumebat
1691 5197 1811 5253 efferam
1824 5190 1870 5247 tf8
1877 5183 1910 5269 μό

1101 5270 1238 5325 Romane
1253 5266 1389 5324 Ecclesiae
1405 5270 1655 5335 archidiaconum,
1666 5270 1696 5325 in
1711 5257 1910 5341 quibusutsihr

1101 5340 1179 5424 apud
1192 5340 1317 5395 Leonem
1326 5341 1473 5411 adjutores
1482 5342 1542 5398 sint
1552 5347 1659 5398 exorat.
1671 5341 1743 5397 Cum
1754 5327 1909 5413 eadempta-

1102 5409 1378 5482 musinepistofaad
1387 5413 1511 5470 Leonem
1524 5413 1738 5478 contineantur,
1751 5409 1803 5465 hus
1813 5404 1908 5487 episto·

1102 5481 1908 5557 lasintcrLeoninasinsereresuperfluumJ’udicavrmua.

1102 5548 1907 5631 uinequoqueQuesnetlussotrmepistotamauteonen

1102 5644 1161 5683 suae
1175 5624 1296 5682 editioni
1310 5626 1427 5698 adjecit.

1138 5699 1166 5770 (a
1189 5698 1243 5755 nn.
1259 5696 1442 5768 acitiretttt,
1473 5699 1598 5760 unauna
1608 5680 1910 5771 attentabant·

1137 5769 1166 5845 (t
1194 5767 1442 5853 Laudatureptet.
1494 5771 1556 5851 ,ad
1571 5769 1755 5841 tietantia.
