4050 6175
137 313 219 378 inis
392 314 531 381 risos.
554 319 772 394 cassinati
792 322 912 389 tiore
931 322 972 390 in
995 322 1209 390 neisioiis
1231 323 1429 392 s.·inonis
1450 273 1589 391 sicui.
1758 331 1843 396 ‚uic

137 466 210 531 suos
223 448 426 524 provinciales,
442 454 492 510 sed
514 459 607 511 totuin
618 457 671 528 jus
685 474 775 530 penos
791 476 822 515 se
844 459 964 517 baberet
979 468 1002 533 Α
1021 460 1127 530 niaque
1142 459 1348 532 abnptizandis
1359 461 1513 517 subeunda
1544 462 1841 535 rescribitlltalortc,

137 520 225 577 Urbis
237 521 377 595 pontifex.
405 595 411 607 .
1021 532 1119 588 nescio
1137 537 1234 587 tamen
1247 548 1284 586 en
1299 533 1436 589 assuetis
1447 479 1581 589 Patriiius
1595 539 1755 592 asseratur.
1766 539 1845 594 Antr-

175 596 241 649 itec
255 593 344 666 paulo
354 596 450 654 fustus
465 597 617 656 observare
632 615 691 655 nou
706 599 801 672 piguit
813 602 965 659 occasione
1036 604 1180 658 cetimum
1194 602 1317 658 Eremia
1326 605 1501 660 baduintem
1514 605 1697 678 Augustinus
1710 605 1762 663 lib.
1776 625 1796 665 ii
1806 610 1844 666 de

136 663 244 748 hoium
267 666 443 747 verborum:
468 668 584 750 Sinunde
603 674 836 727 cmaecrottonem
856 673 966 731 bonerii
1019 619 1108 746 itupt.
1125 672 1363 747 otConoup.cap.
1380 678 1412 730 29
1424 676 1460 730 ad
1471 676 1843 742 tinemeamconsuetudi-

136 743 275 807 meacm,
290 736 448 810 indelegetn
458 742 730 799 totiaiotreructitise
737 745 964 815 nemetensem,
1020 761 1087 800 nem
1103 762 1118 799 a
1142 744 1240 816 pellat,
1253 761 1312 818 qna
1325 746 1563 802 exorcisanturct
1577 748 1770 804 exsufflantur
1780 767 1844 823 par·

135 823 203 933 gua
216 805 322 863 ultima
334 812 421 866 rerba
436 811 464 866 id
475 812 564 867 etiam
576 813 652 885 quod
666 814 893 885 supradiximus
899 833 966 873 con·
1018 813 1089 871 vuli.
1132 832 1165 871 oc
1175 816 1272 888 ipsunt
1284 818 1356 872 circe
1372 817 1548 889 baptizandos
1557 821 1586 873 in
1601 821 1726 875 anteierat
1740 823 1843 878 mando

161 883 273 959 rinant:
296 879 353 935 ille
368 882 446 963 enim
471 889 569 954 partes
583 889 666 939 erant
690 886 916 958 metropolitani,
933 893 966 943 ut
1020 888 1124 944 tatia
1137 897 1233 943 saneta
1252 889 1370 943 Ecclesia
1393 890 1570 959 unitcrtnt‘ter
1591 893 1657 961 cpit,
1678 890 1774 964 inquit
1787 892 1843 950 Leo

136 966 322 1024 episcopum.
335 968 382 1009 cui
392 954 621 1010 consecrationis
636 955 776 1012 honorem
792 959 963 1026 contulerat,
1020 963 1119 1014 noster
1140 959 1168 1013 iii
1190 958 1326 1030 capitulis
1345 959 1498 1015 Ctelestino
1522 960 1591 1016 olim
1613 961 1785 1018 attributis:
1805 981 1844 1020 ae

135 1018 254 1104 legibus
268 1022 470 1080 ecclesiastica
487 1025 647 1099 disciplina
663 1028 792 1099 primum
808 1028 964 1098 imbueret,
1020 1030 1141 1111 proinde
1150 1029 1513 1112 secundumS.Augustini
1525 1031 1665 1104 regulam,
1678 1034 1843 1091 cumidnec

136 1099 273 1164 atquem
297 1093 396 1151 dubiis
416 1096 541 1152 subinde
563 1100 784 1154 occurrentibus
809 1099 967 1157 instrueret
1020 1100 1527 1171 mScriptiiris,naoinconciliorum
1540 1103 1842 1176 decretisreperiatur,

136 1164 353 1234 consulentem,
368 1170 401 1221 ut
414 1167 733 1241 priniariusprovinciae
749 1187 808 1225 sue
824 1172 966 1229 doctorac
1021 1172 1057 1227 ab
1072 1170 1231 1243 apostolica
1252 1172 1408 1227 traditione
1424 1174 1600 1228 descendere
1615 1175 1773 1231 dicendum
1788 1180 1843 1234 cst.

136 1235 290 1308 magister.
306 1237 379 1309 ltgrs
403 1238 967 1317 'ebuicconsuetudininclcgisellraga·
1020 1243 1115 1298 Potuit
1131 1247 1160 1297 et
1176 1243 1232 1298 Leo
1247 1244 1283 1298 ad
1305 1243 1385 1298 illam
1412 1245 1600 1315 apostolicam
1620 1248 1844 1319 preceptionem

135 1313 188 1362 tur
203 1306 362 1363 concilium
377 1311 603 1378 tarraconense,
620 1328 683 1368 caii.
699 1313 727 1366 5.
744 1313 776 1368 Si
788 1315 849 1383 qais
860 1315 964 1387 inquit,
1020 1315 1179 1380 attendere,
1195 1330 1260 1384 quas
1277 1318 1322 1368 est
1335 1314 1363 1368 in
1381 1315 1465 1386 epist
1481 1316 1490 1370 l
1507 1316 1540 1370 ad
1557 1316 1659 1372 Cornea
1682 1358 1688 1372 .
1704 1335 1732 1384 v,
1743 1335 1846 1391 quain·

135 1380 964 1455 inntetropolitcnceivitutenentneritepitcopnsordinetaa,
1041 1401 1077 1440 ue
1094 1385 1258 1458 indigitavit
1272 1385 1394 1441 Siricius
1417 1402 1492 1457 papa
1515 1387 1600 1458 epist.
1629 1405 1647 1444 a
1682 1388 1843 1446 Himeriuai

132 1452 607 1523 postqacmatteeeptabencdictione
639 1456 965 1526 andropolitcnttitte-
1020 1402 1178 1511 iarracon.
1195 1472 1258 1529 cap.
1280 1459 1307 1521 2,
1326 1473 1389 1528 quse
1406 1456 1510 1511 Leonis
1530 1457 1622 1512 ocutis
1638 1459 1738 1530 procul
1754 1461 1844 1516 dubio

135 1537 195 1586 ras,
209 1522 341 1577 honorem
354 1525 572 1596 semiepiscopi
586 1472 710 1597 asinius,
720 1526 748 1580 id
762 1529 895 1598 optimum
911 1544 966 1585 ease
1020 1527 1239 1596 observabatur,
1256 1543 1323 1582 cuni
1343 1527 1402 1582 bisc
1418 1527 1564 1582 scribebat
1587 1534 1648 1584 tam
1662 1530 1698 1586 de
1713 1533 1844 1603 tempore

134 1593 320 1661 decemimus,
329 1603 359 1649 at
366 1595 537 1666 postmodam
551 1600 652 1651 statuto
667 1602 794 1668 ternpore,
811 1598 899 1665 idest,
917 1602 962 1654 im·
1021 1598 1218 1678 baptismatis,
1230 1614 1318 1669 citam
1329 1598 1365 1653 dc
1378 1598 1424 1653 his
1434 1600 1630 1668 ceremoniis3
1642 1600 1684 1656 sio
1694 1607 1792 1658 autem
1804 1601 1844 1657 lo

131 1665 220 1735 pletis
233 1664 338 1720 ductat
359 1666 507 1732 mantin,
522 1682 551 1722 tc
574 1670 779 1738 metropolitani
792 1672 837 1725 arti
859 1686 966 1741 ripra-
1020 1676 1139 1741 quitur:
1157 1671 1204 1724 llic
1214 1670 1359 1725 dnmtttcct
1373 1671 1464 1725 electis
1475 1669 1844 1744 (quibusbaptismitrade

132 1739 223 1791 senat
236 1737 478 1807 &pertitinaciter
494 1738 659 1794 illomotit'tii
668 1741 965 1797 ecclesiasticisittslru·
1020 1748 1069 1794 tur
1084 1741 1623 1812 sacramentum)quiciinqealrnnintc
1636 1745 1843 1817 veleoompliiis

131 1815 206 1874 ctus,
218 1807 329 1878 plenius
351 1808 418 1878 qaid
439 1808 582 1864 observare
605 1809 699 1865 debeat
724 1816 907 1881 recognoscet.
924 1814 963 1869 id
979 1839 1003 1904 B
1020 1812 1077 1867 dies
1091 1827 1188 1867 nornen
1198 1811 1332 1878 deiterinl,
1347 1820 1373 1866 et
1385 1813 1842 1887 exorcismisquondicnitqaeoru·

134 1877 216 1934 idem
233 1878 309 1934 redit
320 1879 399 1952 quod
420 1896 512 1961 supra
534 1897 569 1934 ex
583 1881 667 1952 epist.
686 1882 790 1937 Leonis
812 1885 904 1939 nostri
926 1885 962 1940 ad
1017 1883 1138 1938 tionibus
1151 1887 1232 1955 cique
1235 1884 1353 1955 jejuniis
1362 1885 1467 1953 t‘aert'nt
1476 1885 1589 1954 eepi'cti,
1599 1893 1732 1956 quatem
1741 1895 1844 1959 aposto·

133 1949 326 2005 Theodorum
343 1951 571 2021 Forojulrensem
588 1952 752 2009 retulimus.
774 1953 962 2010 consulendae
1018 1954 1294 2024 licciltoimplectcr
1311 1958 1467 2026 praeceptio,
1490 1959 1581 2016 alec
1619 1959 1844 2029 reclusae-mento

133 2021 227 2076 etiam
238 2021 450 2093 episcopalium
462 2023 678 2093 promotionum
690 2025 846 2081 l'ormuloea
855 2029 963 2082 lacobo
1016 2027 1111 2091 veteri,
1126 2041 1196 2080 noea
1211 2027 1327 2096 incipt'ut
1341 2041 1398 2079 esse
1411 1973 1621 2096 occeperim&
1632 2028 1754 2099 jejuniis
1768 2035 1844 2085 tota·

132 2093 293 2149 Sirmondo
317 2094 416 2149 1891
432 2093 568 2149 (buciliis
584 2093 742 2150 Gallicanis
762 2097 887 2166 inserta,
904 2104 965 2155 eta
1018 2111 1075 2166 que
1090 2097 1364 2150 catechumenorum
1376 2096 1639 2167 poenitentia,vide,
1655 2098 1679 2153 si
1693 2098 1843 2167 lubet,Ga·

134 2163 258 2220 Balueio
273 2168 346 2220 tom.
363 2165 387 2220 ll
403 2165 688 2245 Capitularsecuse.
704 2166 881 2224 consulendi
891 2169 964 2224 Pon·
1018 2166 1116 2221 brialis
1128 2166 1293 2238 itlbaspinei
1304 2167 1452 2234 Aurelian,
1465 2167 1592 2248 episcopi
1609 2166 1844 2227 luculentemob·

132 2233 334 2291 tisrcaleslibri
344 2237 535 2307 antiquiores.
545 2236 584 2290 Er
595 2237 848 2308 quibusomuibus
858 2238 965 2295 intelli·
1019 2237 1223 2303 servationem,
1235 2254 1299 2308 qna
1313 2242 1358 2292 est
1370 2237 1466 2309 prima
1475 2236 1540 2291 libri
1553 2254 1574 2294 ii
1587 2239 1840 2297 Observationum.

133 2306 220 2380 gitur
234 2312 345 2379 quanta
359 2323 430 2362 cura
448 2307 601 2362 ordinandi
621 2306 665 2364 vel
692 2324 792 2365 reeens
806 2310 965 2366 ordinalia
1053 2309 1080 2363 6.
1106 2308 1163 2363 Duo
1186 2312 1295 2364 tantuin
1316 2316 1448 2379 tempero.
1471 2310 1575 2364 Pascha
1605 2318 1631 2365 et
1654 2312 1841 2369 Pentecosten.

134 2379 204 2435 suis
217 2378 470 2434 consecratoribus
485 2378 529 2433 vel
545 2378 777 2451 metropolitanis
788 2380 965 2437 instrueren—
1019 2381 1092 2434 iinte
1104 2384 1238 2435 sunctum
1247 2379 1382 2450 Leonem,
1393 2378 1606 2447 nulluscanon,
1616 2380 1730 2436 nulium
1741 2383 1843 2439 decie-

132 2455 198 2517 tur,
214 2449 323 2522 scripto
333 2450 419 2505 etiam
431 2449 607 2521 accipientes
615 2450 782 2522 regularum
791 2453 964 2510 ecclesiasti·
1019 2454 1093 2513 tuin,
1105 2449 1390 2522 ptaeterSiliciflssum
1404 2466 1471 2505 m0x
1482 2451 1613 2518 cittium,
1624 2456 1740 2524 tempus
1749 2453 1842 2527 bapti·

133 2537 241 2578 carum
256 2520 396 2587 codicem,
412 2537 499 2592 quem
514 2521 650 2576 meretum
664 2522 859 2648 appellabant.
1020 2520 1428 2602 ematiconlerendopraefixit.
1447 2521 1568 2603 Sinicius
1583 2521 1675 2578 solam
1689 2540 1749 2579 sun
1765 2524 1843 2582 sedis

173 2595 202 2647 2.
227 2591 339 2664 llystica
366 2601 391 2647 et
406 2593 581 2647 rationabilia
607 2608 703 2665 exemp
715 2595 782 2648 ctio.
820 2595 874 2650 'lot
906 2596 965 2652 lere
1019 2594 1221 2647 auctoritatem
1237 2592 1636 2664 omniumqueltcclesiarum
1652 2597 1841 2653 consuetudi·

132 2662 230 2719 hu'us
244 2662 298 2718 loci
313 2663 432 2719 diverse
449 2664 586 2719 lectiones
599 2670 679 2736 quot.
691 2666 813 2721 codices.
827 2667 964 2723 Cantabr.
1020 2664 1121 2719 nemin
1131 2663 1844 2737 medinmadducit.SanctusLeoapostolicaeinsti·

133 2741 167 2790 et
176 2681 293 2791 ibana.
307 2751 385 2790 unus
396 2735 503 2789 babent
515 2751 522 2789 ε
534 2736 656 2807 lystrae
669 2737 828 2793 traditionis
839 2741 965 2793 rationo·
1019 2734 1400 2802 tutioniaconsuetudinem,
1408 2735 1582 2807 apostolicas
1588 2737 1714 2809 regulas,
1725 2739 1775 2795 sed
1783 2756 1843 2796 sue

134 2807 205 2861 cite
214 2808 344 2877 exceptio.
362 2806 441 2861 Alter
455 2806 570 2861 Tbuan.
595 2810 624 2862 et
646 2807 823 2880 trecopith,
846 2811 965 2880 llyslicte
1020 2806 1156 2862 instituta
1166 2806 1351 2862 solummodo
1361 2812 1581 2862 commemorat.
1593 2808 1714 2865 Frustra
1724 2826 1843 2883 ergoca·

132 2875 184 2932 vel
198 2885 312 2949 mystice
326 2877 471 2932 rationalis
483 2880 612 2948 exceptio.
624 2878 690 2932 Edit
700 2884 845 2934 omnesatl
860 2881 966 2953 murgi·
1020 2894 1112 2933 nones
1124 2877 1238 2951 aliquos
1253 2893 1287 2932 ea
1295 2877 1331 2933 de
1343 2894 1373 2933 rc
1388 2877 1520 2933 conditos
1535 2882 1650 2935 notatos
1673 2886 1843 2938 ueasancto

134 2963 225 3004 nem:
241 2947 712 3022 lentiscatrationabiliceeceptio.
724 2950 854 3006 Isidorus
865 2952 964 3019 Mera,
1021 2949 1280 3005 Leonesomniarit
1294 2953 1396 3005 auctor
1409 2949 1512 3005 Gallici
1531 2950 1628 3022 operis
1647 2896 1682 3007 tie
1698 2952 1845 3026 episcopis

132 3020 261 3102 Hystica
274 3019 393 3075 rationis
409 3021 538 3091 exceptio.
549 3021 676 3094 Dionysii
689 3022 790 3095 lisigni
805 3027 833 3078 et
848 3022 966 3078 Cresco·
1020 3019 1158 3075 canonico
1170 3020 1340 3092 iudicandis
1356 3036 1422 3093 pag.
1437 3022 1483 3104 78,
1499 3024 1532 3075 ut
1547 3020 1625 3076 eliud
1642 3024 1790 3080 somnium
1808 3024 1845 3080 de

133 3092 181 3147 nii
194 3090 349 3147 lectionem
364 3092 540 3147 retinuimus
556 3093 585 3146 in
601 3098 679 3147 textu
693 3095 883 3167 (quamquam
899 3096 966 3151 Cre·
1021 3092 1120 3148 codice
1134 3108 1279 3148 canonum
1290 3091 1844 3167 Ecclesia*univerenutcumquedeieu·

134 3177 222 3220 seon.
238 3161 483 3235 legitrationolt's),
496 3168 557 3218 tum
570 3168 965 3239 proptercertamutriusque
1021 3164 1111 3219 deret.
1128 3164 1492 3232 Cauonumenimmentio,
1509 3166 1844 3240 qunmcnpitesequenti

135 3234 347 3305 antiquitatem
360 3235 608 3301 etauctoritatem,
618 3242 680 3289 tum
693 3236 763 3306 quia
775 3242 903 3292 mentem
913 3255 963 3293 au·
981 3206 1002 3271 C
1021 3234 1353 3306 injicitsanctusteond
1379 3234 1843 3295 eneralemcanonemcustodiam

136 3305 231 3361 otoris
244 3304 336 3361 nostri
351 3305 492 3386 attingere
510 3305 630 3378 propius
645 3306 717 3361 mihi
736 3306 879 3364 videntur.
897 3310 964 3365 ideo
1019 3310 1180 3377 spectitat
1200 3250 1844 3431 quisqueveioursimlegensperspicietioat

136 3376 221 3433 enim
235 3379 265 3431 S.
282 3376 338 3431 Leo
349 3377 548 3447 penetraturi
560 3380 678 3432 nuicitni
692 3381 866 3447 remanenti,
877 3379 905 3435 id
921 3384 965 3435 est
1019 3381 1153 3433 sanctum
1165 3376 1328 3432 taonemdo
1339 3374 1479 3432 Pascbate
1493 3381 1521 3431 et
1551 3382 1698 3434 entecoste
1707 3378 1844 3435 similiter

136 3446 328 3521 baptismi,m
347 3449 671 3504 tticotnetrntionabitcrn
686 3452 964 3521 exemplationeindi-
1019 3449 1207 3503 decreverunt
1217 3446 1351 3503 (talasius
1359 3463 1444 3572 papa,
1453 3448 1538 3520 epist.
1546 3449 1581 3503 ad
1591 3448 1744 3522 episcopos
1754 3451 1844 3508 Luca·

133 3520 190 3589 cit,
210 3534 279 3574 cum
294 3464 475 3574 inissetis
488 3521 654 3574 confertur:
666 3521 735 3592 quia
745 3530 868 3593 apparet,
879 3522 963 3577 utio—
1019 3519 1084 3584 nic,
1095 3523 1162 3585 cta,
1175 3535 1238 3590 cap.
1256 3519 1300 3583 10,
1310 3535 1378 3573 ann.
1411 3519 1457 3584 st,
1473 3519 1662 3576 Geruudcnse
1672 3519 1840 3590 concilium,

134 3590 241 3663 quitur
254 3606 317 3662 cap.
334 3589 362 3657 3,
378 3591 572 3657 regenerandis
591 3591 658 3661 filiis
676 3592 818 3647 lominum
831 3598 857 3648 et
872 3594 966 3650 inlici
1019 3607 1066 3647 an.
1081 3591 1149 3657 5173
1166 3589 1372 3657 autissiodor,
1393 3605 1458 3671 can,
1479 3590 1523 3655 te,
1539 3607 1586 3645 an.
1601 3591 1669 3660 5i8;
1687 3591 1839 3649 Matiscon.

132 3662 211 3733 filios
224 3660 394 3733 monente,
405 3661 564 3716 illrtmdiein
579 3665 667 3716 essert
682 3672 786 3735 uranos
801 3664 964 3733 electanis
1018 3677 1049 3726 ιι,
1067 3677 1114 3716 nn.
1130 3662 1193 3727 585,
1209 3677 1272 3716 caii.
1289 3662 1321 3729 33
1337 3660 1494 3732 Gregorius
1506 3660 1557 3717 PP.
1571 3661 1605 3730 ll,
1615 3680 1662 3718 an.
1674 3664 1737 3732 725,
1753 3664 1839 3736 epist,

132 3748 189 3806 quo
200 3748 251 3804 per
264 3732 476 3788 similitatinein
490 3735 660 3804 teramnanae
666 3737 793 3804 mysterii
804 3750 834 3790 eo
849 3750 962 3806 qaaepe·
1018 3733 1053 3787 ad
1070 3731 1217 3802 Turiugite
1233 3729 1343 3787 olerum
1359 3738 1387 3787 et
1402 3730 1526 3803 plebem,
1542 3736 1596 3788 etc.

131 3813 239 3860 rantur
252 3805 282 3858 in
293 3804 423 3859 mentiris
438 3803 481 3858 liis
496 3820 556 3875 qua
571 3805 601 3858 in
621 3806 680 3876 ipso
701 3814 766 3861 iniit
789 3808 878 3877 eapite
889 3815 963 3875 nesto
1052 3805 1080 3857 7.
1092 3802 1840 3877 indissimulanteroecurrunt.ltaDionysiusetomnes

132 3875 962 3948 annumerentquippccuicommoriuntur,consepeliun·
1018 3872 1839 3949 mss.codices,quihteciierba,quesequunturinpleris·

135 3954 188 4001 tur
202 3951 231 4002 et
246 3946 516 4002 conresuscitemur
530 3947 559 4001 in
571 3947 726 4018 baptismo.
1017 3961 1074 4017 que
1089 3945 1238 4001 codicibus
1250 3945 1374 4014 excusis,
1390 3954 1416 4001 et
1427 3947 1508 4002 liaeeti
1517 3946 1592 4001 uobis
1605 3949 1839 4005 conscendem-

172 4019 199 4073 3.
212 4016 329 4086 Quidcm
342 4019 440 4089 patent
463 4017 534 4088 quoti
554 4019 585 4073 in
607 4017 702 4073 eadem
715 4019 760 4073 die
782 4019 914 4075 Dratinus
928 4020 963 4075 cri
1016 4026 1104 4086 vetur,
1117 4016 1751 4087 nonbabont,eiceptisTuaneounoettreco
1773 4019 1840 4088 itti,

133 4089 311 4170 septenam,
328 4094 382 4145 etc.
408 4088 495 4144 Vides
511 4090 641 4144 nondum
658 4088 708 4144 illo
729 4089 835 4146 seculo
850 4097 961 4147 certum
1017 4104 1141 4169 quorum
1158 4088 1278 4142 unused
1295 4037 1849 4172 alterumexscriptuscst.Editioiiico·‘

133 4160 297 4232 fuisseque
312 4160 359 4217 dia
375 4158 540 4231 baptizalus
554 4161 610 4215 init
624 4160 766 4216 Dominus
781 4162 877 4229 iesus,
894 4179 961 4217 cum
1017 4158 1079 4225 lrni,
1094 4159 1123 4215 iii
1133 4164 1224 4223 textu,
1238 4159 1365 4227 etSuni,
1376 4159 1493 4228 (lrabbi,
1505 4159 1840 4234 Sichardi,atqueCani·

157 4232 332 4287 uorumdam
344 4236 459 4286 tantum
471 4231 608 4303 opinione
618 4232 655 4287 ad
666 4249 714 4287 viii
725 4232 764 4287 id.
774 4232 905 4289 ianuarii
917 4249 961 4289 re·
1016 4230 1051 4285 sii
1066 4232 1103 4287 ad
1117 4230 1278 4303 marginem
1294 4231 1336 4286 sic
1352 4229 1507 4304 legendum
1523 4232 1840 4290 exbibentzlndissimn·

132 4249 205 4359 ierit
216 4302 419 4375 pronuntietS.
431 4302 486 4359 Leo
496 4319 502 4357 :
512 4302 693 4374 Epiphanius
703 4308 811 4370 autem,
821 4303 961 4377 quiinitio
1017 4302 1289 4368 lentescottcutrtmt,
1307 4301 1483 4374 enodatione
1498 4303 1665 4358 interimam
1678 4320 1733 4360 nott
1749 4313 1797 4372 eat,
1815 4306 1841 4359 si

133 4374 228 4446 hujus
248 4374 343 4445 quinti
366 4373 463 4429 saculi
484 4373 579 4429 adliuc
591 4374 619 4428 in
632 4374 704 4430 vivis
723 4381 794 4442 erat,
810 4393 839 4431 vi
849 4376 888 4431 id.
905 4376 961 4430 No·
1014 4374 1135 4428 vict'sst'tn
1149 4381 1275 4428 intereos
1288 4374 1346 4430 liae
1359 4373 1521 4429 consuetudo
1534 4377 1664 4428 servetur.

133 4444 449 4516 vambrisbaptizatum
461 4444 550 4501 luisse
563 4445 659 4500 aitlib.
670 4462 689 4501 ii
700 4447 960 4514 advers.litereses,
1487 4486 1495 4496 ι

131 4516 205 4573 har.
221 4518 248 4583 5,
265 4521 335 4573 sect.
350 4519 395 4572 2⁴.
1187 4515 1289 4571 iasa
1302 4514 1349 4569 ab
1365 4512 1569 4569 uptsiotatt
1584 4514 1667 4570 xvii.

160 4590 198 4669 ¹l.
225 4589 337 4669 Diuersa
359 4588 498 4669 scenicis
518 4603 603 4642 encta
626 4586 741 4643 bostiam
761 4570 996 4659 remuneranti)
1154 4603 1295 4675 gpmopss
1309 4618 1361 4673 per
1384 4601 1509 4657 sternam
1532 4603 1695 4659 comesturis,

132 4659 272 4715 Libenter
281 4663 468 4714 retinuissem
475 4659 702 4730 praesormorttnt,
712 4661 788 4732 quod
800 4659 846 4715 vul
869 4658 960 4733 olegi-
1311 4725 1317 4735 .
1398 4723 1403 4736 ‚

132 4735 192 4798 tur,
208 4730 265 4786 uisi
281 4728 421 4802 Dionysii,
438 4728 583 4785 Cresconii
600 4736 629 4785 et
642 4731 771 4804 quinque
786 4675 870 4786 coriti.
887 4749 959 4787 mss.
1052 4729 1077 4784 l.
1094 4728 1172 4783 lianc
1188 4725 1224 4782 ad
1239 4723 1343 4781 Siciliae
1359 4740 1511 4808 episcopos
1522 4726 1560 4799 (a)
1571 4727 1736 4811 epistolam,
1753 4728 1839 4802 cujus

131 4800 269 4872 superius
281 4799 468 4856 laudaticum
484 4806 627 4857 concentu
637 4802 911 4874 reprobaretarbec
925 4803 959 4859 le·
1016 4796 1837 4921 nullumexemplarmanuscriptumnanciscrpotuimus,
1902 4822 1904 4829 ⁴

131 4873 200 4928 ctio.
217 4872 276 4928 Hoc
307 4888 373 4927 orro
387 4872 442 4928 sibi
458 4871 520 4927 vult
538 4878 639 4928 auctor
654 4880 766 4929 noster:
783 4891 840 4930 non
855 4873 962 4930 unole·
1014 4869 1281 4945 primoserulgnvit
1292 4866 1439 4923 Gerardus
1467 4884 1583 4930 ossius.
1599 4871 1701 4927 doctor
1715 4872 1838 4929 catholi-

131 4942 192 5017 geli
207 4889 351 5000 sacrificio
364 4960 453 4999 unam
465 4943 601 4998 sacrificii
614 4946 707 4999 nostri
718 4946 919 5001 hostiamessc
932 4947 962 5000 li-
1016 4960 1078 5006 cus,
1095 4958 1183 5013 quam
1200 4956 1233 4994 rx
1244 4938 1365 5010 antiquo
1380 4938 1539 5021 cardinalis
1553 4940 1650 5023 Sirleti
1667 4959 1722 4998 ins.
1739 4943 1838 4999 codiee

133 5020 281 5089 gaietam,
296 5015 348 5070 sed
363 5014 716 5097 plurimaeaquodiaersa
733 5016 822 5072 tuisse
837 5016 961 5071 olimin-
1016 5020 1223 5092 acceptamoii
1249 5010 1542 5093 ,consulorrnota'et
1571 5028 1629 5094 exhi
1653 5012 1714 5067 sius
1735 5013 1838 5069 Monta

135 5087 239 5142 stituta
252 5085 408 5151 sacrificia,
432 5090 465 5141 ut
484 5084 675 5141 multifariam
688 5086 850 5158 multisque
865 5087 960 5143 modis
1036 5083 1116 5139 brissi
1131 5097 1164 5137 ac
1186 5083 1324 5147 dictione,
1352 5098 1440 5137 unam
1462 5099 1573 5165 spirare
1593 5100 1618 5139 el
1641 5099 1686 5138 0¹11
1705 5081 1835 5152 timei,

134 5156 958 5229 Christianumdelinearcturneiigtiraretursacrificium.
1016 5102 1119 5211 ieonis
1131 5152 1227 5233 Magni
1244 5167 1308 5208 esse
1323 5169 1381 5208 non
1401 5171 1452 5209 sus
1465 5160 1569 5236 'icatur
1584 5154 1680 5237 modo,
1691 5154 1740 5210 sed
1752 5153 1838 5227 plane

134 5228 201 5284 lieo
216 5229 247 5284 in
262 5229 396 5301 presenti
409 5228 471 5284 loco
486 5231 615 5300 potestas
632 5233 677 5283 est
687 5228 777 5299 hujus
789 5228 869 5284 vocis
878 5233 962 5302 refer·
1014 5232 1043 5283 et
1053 5225 1254 5281 indubitanter
1266 5228 1422 5280 asseverat.
1464 5224 1503 5279 ibi
1514 5241 1580 5280 vero
1591 5225 1692 5281 teonis
1704 5242 1762 5283 noir
1773 5242 1838 5284 esse

133 5316 222 5369 mare,
238 5299 292 5355 hoc
307 5305 361 5365 est,
377 5300 484 5356 iterum
500 5299 666 5371 iterumque
675 5299 811 5370 formare,
824 5316 876 5356 seu
887 5300 961 5373 liga·
1015 5300 1215 5424 Eeuecertum
1230 5300 1284 5363 est,
1294 5295 1336 5352 vel
1346 5295 1435 5378 unius
1446 5295 1513 5376 styli
1524 5294 1713 5368 inspectione,
1723 5314 1839 5380 querna

133 5387 199 5427 rare
213 5375 244 5426 et
258 5372 444 5427 adumbrare.
1039 5384 1144 5424 eonrno
1156 5367 1310 5424 abhorrere
1321 5383 1418 5440 quivis
1426 5366 1509 5421 facile
1519 5366 1752 5439 deprehenderit.
1765 5369 1839 5426 Pra-

168 5444 196 5499 5.
215 5442 370 5499 Secundam
383 5443 559 5515 apostolicam
581 5441 716 5513 repetem.
742 5443 880 5507 Quanam
900 5441 962 5497 baec
1016 5444 1149 5511 torquem
1160 5440 1237 5511 quod
1244 5439 1386 5510 Jejunain
1399 5436 1536 5494 omnibus
1547 5443 1575 5493 et
1583 5437 1667 5495 exilia
1677 5439 1838 5498 admodum

134 5512 463 5586 apostolicaregula‘lan
480 5511 961 5586 regulapertraditionemabapo·
1016 5516 1060 5567 est
1073 5509 1163 5566 totius
1177 5494 1306 5583 epistole
1321 5510 1418 5565 dictio.
1601 5579 1607 5592 ¹

133 5584 219 5641 stolis
239 5585 429 5651 descendens,
447 5601 511 5656 que
526 5584 714 5653 exorcismos,
731 5585 962 5657 scrutiniajteju-
1050 5586 1078 5637 2.
1096 5583 1159 5637 llaec
1173 5581 1296 5654 epistola
1311 5581 1379 5636 data
1393 5580 1429 5637 ad
1442 5579 1547 5636 Sicilia
1562 5596 1715 5655 episcopos
1730 5582 1840 5658 signill-

683 5698 981 5757 eatteaiuioitttu
999 5694 1287 5755 ANNOTATIONES.

171 5798 211 5872 (a)
227 5798 289 5869 liis,
326 5816 370 5855 ute
384 5796 759 5882 bicQuesnelluscpponit,
771 5799 891 5857 utbanc
902 5797 962 5875 epi·
1018 5792 1217 5879 admonitione
1227 5791 1321 5876 eidem
1329 5791 1534 5879 premissaac
1543 5796 1730 5870 praserimiu
1749 5813 1839 5863 anne

133 5870 244 5939 aniam
258 5872 290 5934 in
304 5814 526 5944 iubtumroost,
536 5869 708 5951 plenissime
717 5871 961 5963 respondissetis
1014 5864 1176 5935 tationibus
1191 5878 1266 5947 quas
1279 5863 1374 5928 edem
1387 5864 1582 5947 subiecimus.
