4050 6175
92 273 139 352 lii
789 281 981 351 sersaoni
1001 277 1064 349 LV.
1716 267 1778 343 860

90 417 183 478 mmo
194 417 283 477 mot
294 415 393 478 ieonis
405 415 537 493 1611616661
551 415 658 492 synodi,
673 432 708 476 ce
722 435 775 493 quo
789 419 901 488 6166166
911 418 1021 477 nomino
1030 416 1104 476 dote
1113 416 1177 474 suot
1185 412 1339 501 superiores
1346 412 1483 491 pontificis
1497 411 1606 475 11116661.
1618 413 1672 474 lios
1683 411 1774 487 iqltur
1851 395 1854 402 ’

88 507 130 567 pro
139 499 309 566 uterumque
317 490 456 564 otiositate
465 490 514 549 itoc
522 492 581 548 toro
588 490 758 549 6666666666
767 495 933 564 putootmus.
946 490 1014 548 Nom
1026 498 1053 547 et
1061 488 1206 547 clariorem
1216 488 1294 545 tilius
1302 485 1400 561 synodi
1408 489 1486 547 notis
1495 489 1626 561 inqerunt
1635 489 1773 553 notitiam,

89 564 154 635 ouius
166 564 260 630 166666,
276 567 392 636 mous,
404 566 548 621 6661661666
561 564 603 621 ul'
652 580 685 621 uo
699 566 916 622 desumeretur
929 563 1059 635 aperiunt
1067 578 1078 624 ,·
1093 570 1118 618 et
1131 561 1164 616 61
1180 561 1238 633 ipso
1251 561 1339 643 Leone
1351 560 1461 617 dictutus
1474 560 1610 643 61666166.
1626 561 1665 616 lle
1674 559 1773 631 quitus

89 637 201 711 6166616
215 634 406 691 dissertatione
421 637 437 691 1
451 635 484 691 dc
495 636 558 692 lito
567 580 682 694 duillios
693 637 811 708 qesilsS.
823 637 920 693 teonis
929 634 964 691 od
974 633 1151 690 66666110.
1166 633 1238 704 ipsa
1248 631 1377 704 epistole
1386 636 1446 689 tres
1458 632 1624 714 imperiales
1634 632 1671 688 66
1682 631 1775 714 Theo·

94 708 240 773 dotiumet
250 705 351 761 aliaad
360 703 542 763 Pulcheriam
554 706 658 763 Leonis
669 706 824 764 consilium
855 707 932 763 aiam
943 709 1105 772 testantnr;
1117 705 1245 761 hasuero
1256 705 1293 760 66
1305 703 1368 777 ipso
1380 704 1474 760 Leone
1485 703 1608 761 dictatas
1619 701 1776 760 616116666-

94 782 148 844 661;
163 776 229 849 quin
245 776 389 834 nonnulla
404 778 536 835 Leoniuae
552 778 697 834 scribendi
714 779 817 835 rationi
834 725 1064 851 haudquaquam
1080 780 1255 848 congruunt.
1742 844 1749 857 .

121 851 144 905 2.
158 849 252 914 Quoad
268 853 386 921 tempus
401 865 478 917 vero,
495 865 561 905 oum
576 865 679 906 omnes
692 853 756 906 tum
772 866 835 923 quae
850 849 963 906 tradite
973 853 1036 904 tum
1049 864 1112 920 quae
1124 848 1243 903 reddite
1254 846 1581 918 inerunthugustorum
1592 843 1730 918 epistola,
1741 862 1772 901 rn

94 917 1183 989 unsChuloedonensicollectioneerhibite,chronioanotationecareaut,alii
1191 916 1390 1001 aliteropinati
1400 926 1478 973 sunl.
1490 922 1527 973 lte
1537 916 1774 1000 quatuorpriori-

94 993 140 1048 bos
152 1008 166 1047 c
186 989 278 1049 istolis
294 990 323 1046 in
335 990 481 1048 Orientem
491 991 590 1048 missis
601 992 632 1048 in
643 993 746 1064 primis
754 994 942 1050 statuendum
954 996 1008 1049 est.
1022 996 1126 1047 Totum
1138 991 1243 1063 pendet
1254 1005 1288 1044 ex
1297 987 1535 1061 interpretatione
1545 987 1664 1044 iliorum
1674 989 1776 1045 uerbo·

94 1079 150 1119 rum
181 1061 350 1118 alentiniani
360 1063 444 1135 epist.
453 1065 488 1119 55
498 1082 504 1120 ι
514 1064 581 1120 Cum
594 1063 762 1120 advenissem
775 1066 888 1120 Romam
900 1064 935 1119 od
946 1063 1122 1118 itioiuitotcm
1131 1061 1304 1134 placandum,
1318 1062 1444 1133 sequenti
1457 1061 1503 1116 dic
1516 1060 1552 1116 6-1
1563 1061 1778 1131 basilicomopo·

95 1134 149 1190 stoli
161 1135 234 1190 Petri
243 1135 372 1204 processi,
388 1137 413 1190 et
429 1134 488 1189 iilic
500 1136 560 1206 post
575 1137 755 1191 uenerabilem
769 1141 873 1191 noctem
887 1135 944 1191 diei
956 1135 1084 1204 Apostoli,
1101 1140 1155 1190 ctu
1171 1138 1290 1190 Romarm
1305 1134 1438 1214 episcopo,
1454 1132 1524 1187 6166
1540 1132 1605 1186 otiis
1621 1148 1682 1187 cum
1703 1146 1733 1188 eo
1748 1146 1784 1186 oo

94 1205 194 1261 6666616
204 1206 358 1276 prouinciis
371 1208 541 1275 conpreqotrs
554 1210 664 1278 roqutus
675 1208 862 1262 sumseritero
871 1214 923 1262 tuus
934 1205 1149 1261 mansuetudini.
1162 1206 1201 1260 Es
1211 1203 1340 1259 recitatis
1350 1209 1448 1259 autem
1462 1202 1558 1259 verbis
1571 1201 1720 1275 colligitur
1730 1205 1782 1256 Va·

95 1276 273 1333 leubnianum
287 1275 412 1332 Romam
428 1277 588 1333 accessisse
603 1277 696 1349 pridie
710 1284 778 1334 ante
791 1277 977 1334 festivitatem
993 1276 1117 1348 apostoli
1130 1276 1205 1332 Petri
1218 1293 1225 1340 ;
1241 1275 1288 1330 die
1299 1279 1396 1331 eutem
1407 1273 1552 1345 sequenti,
1564 1273 1594 1330 id
1606 1278 1651 1329 est
1661 1274 1725 1346 ipso
1735 1272 1783 1329 die

97 1347 203 1404 1661666
219 1346 373 1406 basilicam
388 1347 511 1419 apostoli
522 1348 784 1421 Petriprocessisse
795 1343 1675 1428 ς6111116666166616666666166166666666661116666661666
1699 1345 1723 1401 is
1732 1343 1784 1417 qui

94 1418 127 1474 ad
139 1418 209 1473 idem
224 1419 333 1475 testum
349 1425 552 1488 convenerant,
565 1425 714 1476 exoratum
724 1420 814 1476 inisse
825 1421 898 1475 6166
908 1419 1107 1476 Theodosium
1116 1419 1264 1476 scriberet.
1273 1417 1404 1490 idipsum
1415 1416 1573 1474 Placidsam
1585 1421 1614 1473 et
1623 1416 1665 1473 lin
1687 1415 1784 1474 oxiam

94 1493 229 1562 Augustas
244 1506 275 1544 ro
316 1493 361 1546 tes
377 1489 478 1557 inisse,
496 1508 530 1546 ox
544 1489 610 1546 aliis
624 1491 794 1547 earumdem
809 1490 941 1563 epistolis
956 1489 1075 1563 liquet,

125 1562 149 1617 3.
162 1560 264 1616 Cardia
296 1560 653 1625 16066661666666119,
666 1579 695 1617 n.
707 1563 769 1631 161,
781 1563 940 1619 arbitratus
949 1565 994 1618 est
1003 1561 1057 1617 has
1069 1565 1194 1645 quatuor
1204 1558 1342 1633 epistolas
1353 1559 1455 1615 eodem
1466 1575 1542 1615 anuo
1553 1559 1610 1615 scri
1633 1561 1679 1615 tas
1691 1557 1783 1615 inisse

93 1636 154 1704 post
166 1632 240 1688 61666
256 1631 449 1690 dedicationis
464 1632 592 1690 basilice
605 1634 635 1689 S.
651 1635 738 1700 Petri,
750 1650 814 1707 que
824 1633 963 1689 celebrari
973 1632 1047 1689 solet
1059 1632 1229 1689 diedecima
1241 1637 1340 1688 octava
1350 1631 1532 1698 Novembris,
1543 1634 1599 1686 eta
1628 1646 1693 1686 eam
1704 1629 1782 1685 diem

96 1701 1601 1848 sallustiiasstititleitilaiutilissimisillistattitiltlit.·
1616 1705 1785 1830 miultis

104 1850 164 1913 rant,
178 1862 228 1917 per
243 1844 457 1918 quinquaginta
472 1793 647 1902 lissitanae
664 1846 754 1904 inisse
769 1849 902 1904 detentos
916 1846 1052 1903 absoluta
1063 1848 1124 1915 jam
1136 1818 1251 1919 ’synodo
1267 1847 1313 1901 die
1328 1847 1372 1911 13,
1388 1849 1439 1902 661
1449 1845 1543 1902 serius
1555 1846 1588 1901 15
1598 1844 1742 1913 Octobris,
1754 1847 1788 1898 ut

104 1915 179 1988 liquet
191 1933 224 1972 ex
239 1917 326 1988 epist.
343 1918 465 1973 116166
487 1918 625 1974 uentibus
638 1935 645 1987 ;
661 1924 765 1989 preter
779 1919 844 1984 hoc,
860 1919 992 2001 inquam,
1004 1916 1120 1973 nullum
1132 1917 1485 1989 antiqumdooumentum
1497 1933 1531 1972 su
1556 1919 1642 1981 erest,
1675 1931 1712 1970 uo
1744 1932 1788 1972 ro·

104 1988 274 2070 6616666666
282 1987 420 2060 pontifice
429 1933 641 2069 delirationem
651 1990 779 2046 6661Ιί66.
790 1991 823 2072 S..
833 1990 910 2072 Petri
921 1988 1095 2046 celebratam
1106 1989 1195 2045 luisse
1206 1989 1253 2044 die
1262 1988 1297 2044 18
1307 1987 1488 2044 Novembris.
1501 1931 1671 2058 16666666
1683 1932 1790 2044 Valen-

104 2068 231 2114 anianum
240 2075 286 2115 66.
303 2059 355 2114 119
363 2059 460 2118 Rome
469 2060 681 2116 iarssenultum
690 2059 957 2118 aliunderndrcium
966 2059 1285 2129 est3nonnuiiaautem
1293 2061 1638 2133 suppetuntdocumenta
1647 2075 1712 2132 qua
1720 2075 1789 2116 eum

105 2146 168 2185 annu
181 2131 233 2185 150
247 2129 358 2185 ibidem
374 2131 520 2188 exstitisse
536 2132 669 2202 probant.

131 2201 154 2255 1.
168 2200 419 2266 Quesuellusdiss.
431 2200 443 2256 l
457 2202 493 2257 ad
508 2218 554 2257 an.
567 2202 629 2268 150,
642 2220 670 2256 n.
684 2201 1016 2267 i,Baroniiseutentinm
1025 2202 1212 2274 impugnans,
1223 2201 1252 2256 in
1265 2202 1352 2257 aliam
1361 2202 1490 2272 apertius
1499 2218 1650 2258 erroneam
1662 2200 1790 2269 transiit,

103 2273 267 2327 6661666666
283 2271 337 2328 has
352 2272 491 2345 epistolas
505 2272 629 2345 scriptas
644 2273 735 2330 luisse
770 2278 816 2329 ost
831 2274 937 2329 testum
953 2274 982 2329 S.
998 2274 1074 2328 Petri
1090 2273 1136 2329 die
1150 2273 1185 2327 29
1199 2273 1276 2328 iunii
1290 2291 1337 2328 an.
1356 2275 1418 2328 150.
1431 2274 1516 2328 Error
1525 2289 1560 2329 ex
1571 2270 1792 2328 duobusmnni-

103 2343 164 2423 leste
177 2342 330 2415 delegitur.
346 2344 477 2398 Primum
494 2343 564 2415 quia
578 2344 632 2400 hoc
647 2361 724 2400 anuo
759 2344 1065 2401 aientiuianasllome
1077 2348 1139 2399 6661
1151 2360 1252 2399 mense
1262 2344 1376 2410 Martio,
1382 2360 1445 2470 lquo
1459 2343 1551 2412 legem
1563 2342 1652 2399 edidit
1662 2341 1791 2398 Novellis

104 2419 230 2494 66661666
240 2415 324 2495 tit3'l,
341 2415 376 2500 de
392 2415 587 2516 indulgentiis
602 2414 792 2498 reliquorum,
808 2432 932 2497 necnon
949 2432 1050 2473 mense
1064 2415 1154 2487 Aprili
1169 2432 1204 2471 ex
1219 2416 1263 2472 tit.
1279 2417 1323 2498 36,
1339 2415 1375 2471 66
1408 2415 1572 2499 articulariis
1593 2414 1711 2479 annuis,
1722 2418 1790 2480 eto..

104 2484 943 2638 61111611166.1·.16601.1116131116
953 2484 1792 2630 166111ῗὲ1661161111161616ἓὲ16

105 2643 162 2683 eum
176 2627 300 2683 luissent
314 2628 454 2700 epistolae,
467 2633 532 2700 post
543 2629 608 2700 ejus
618 2633 742 2685 mortem
755 2628 1038 2702 Constantinopolim
1051 2630 1261 2703 pervenissent,
1276 2646 1327 2685 neo
1340 2629 1484 2702 potuisset
1494 2628 1577 2697 alias,
1589 2644 1652 2700 quas
1666 2631 1792 2693 exstant,

104 2698 233 2769 epistolas
244 2699 375 2756 reddere.
387 2699 469 2755 Alius
477 2699 568 2773 igitar
579 2700 642 2756 dios
655 2702 747 2756 tostus
760 2701 790 2757 S.
803 2700 879 2756 Petri
890 2718 958 2757 cum
968 2699 1153 2756 Tillemontio
1161 2705 1190 2756 et
1199 2700 1287 2773 Pugio
1299 2698 1792 2782 666666666661,6166166166ᾳυί-

104 2770 162 2824 dem
176 2770 221 2826 die
233 2787 264 2826 111
279 2787 372 2827 nones
388 2771 484 2826 Martii
501 2787 549 2827 66.
565 2772 627 2836 150,
640 2788 699 2843 quo
711 2771 971 2829 memoralalexde
981 2771 1175 2846 indulgentiis
1186 2772 1367 2843 reliquorum
1377 2772 1521 2828 delatuit.
1533 2772 1573 2827 lix
1586 2768 1794 2843 antiquissimo

105 2839 265 2897 6616666616
280 2841 472 2908 Bucheriano,
490 2843 519 2897 in
535 2859 592 2914 quo
607 2842 670 2899 dies
686 2844 752 2899 lasti
766 2844 903 2900 Romanae
919 2843 1050 2900 Ecclesia
1064 2840 1797 2910 notantur.diseimasv111iol.llortiiRomeceie·

28 2985 29 2988 Ἴ
106 2910 210 2968 brutum
225 2912 317 2969 inisse
333 2915 439 2970 testum
451 2913 506 2968 hoc
517 2914 603 2970 titulo
613 2914 721 2970 ibidem
731 2917 880 2986 signatum
893 2933 900 2971 t
911 2916 1009 2972 Nutole
1021 2918 1097 2972 Petri
1108 2915 1292 2972 6666166666.
1306 2913 1795 2987 116611666666666616611616666

106 2998 163 3038 cum
176 2984 315 3066 Augustis
330 2984 454 3041 Romam
468 2985 599 3057 pervenit
615 3003 640 3040 ur
655 2985 713 3042 kal.
730 2986 825 3041 Martii
839 3005 846 3054 ;
863 2985 872 3040 i
896 3004 927 3042 so
940 2990 1038 3042 aulem
1054 2986 1129 3042 insto
1146 2987 1202 3042 Leo
1217 3003 1283 3043 oum
1299 2987 1445 3060 episcopis
1455 2986 1491 3042 66
1502 2985 1613 3043 eisdem
1625 2984 1749 3057 petiitut
1760 2983 1796 3040 ad
1835 3019 1838 3026 ι

106 3052 291 3112 Theodosium
305 3056 475 3113 scriberent.
493 3056 581 3113 Porro
595 3074 630 3113 ex
641 3056 772 3114 Placidie
783 3058 868 3139 epist.
924 3058 960 3115 nd
970 3057 1154 3115 Pulcherinm
1167 3057 1313 3132 colligitur
1322 3076 1371 3116 eos
1382 3058 1537 3131 scripsisse
1548 3062 1706 3130 antequam
1717 3072 1796 3114 eem-

28 3134 29 3141 ’
108 3124 165 3181 dem
182 3127 363 3183 Pulcherlam
378 3128 459 3183 bonae
475 3143 568 3183 cause
584 3129 679 3184 i'nvere
694 3146 728 3185 ex
742 3129 837 3256 &isius
853 3129 958 3186 litteris
972 3130 1154 3202 exploratam
1171 3131 1272 3197 sueret3
1288 3129 1362 3186 alias
1376 3130 1466 3199 hujus
1479 3130 1519 3186 rei
1534 3129 1634 3202 aliqua
1652 3128 1761 3186 mentio
1780 3145 1798 3184 6

28 3204 30 3271 J
108 3195 221 3254 Placidia
235 3198 330 3254 eidem
340 3198 469 3272 epistole
480 3200 591 3256 inserta
603 3199 715 3255 luisset.
729 3202 741 3256 i

110 3266 156 3323 beo
168 3268 221 3325 hac
235 3268 270 3325 66
286 3286 316 3325 re
331 3268 496 3342 gratulatus
510 3270 668 3326 Pulcheriae
684 3271 764 3327 dedit
779 3271 932 3344 epistolam
947 3274 983 3328 60
1009 3273 1102 3345 igilur
1116 3277 1242 3344 quatuor
1256 3272 1367 3344 priores
1382 3271 1511 3342 epistole
1535 3275 1657 3328 exarata
1680 3272 1798 3327 luerunt

108 3338 183 3409 panio
197 3344 262 3412 post
276 3341 354 3396 diem
370 3344 405 3396 22
420 3341 581 3408 Februarii,
597 3349 625 3397 et
640 3342 799 3398 antediem
815 3345 848 3398 17
863 3343 960 3399 Martii
976 3344 1046 3399 anni
1062 3344 1205 3413 ejusdem,
1221 3359 1254 3399 ac
1269 3341 1451 3416 probabilius
1465 3344 1520 3400 sub
1536 3341 1684 3399 Februarii
1696 3342 1795 3397 llnem.

137 3411 163 3465 5.
175 3410 283 3494 Cuique
297 3413 427 3484 epistole
443 3413 503 3468 sive
517 3431 535 3469 6
548 3411 761 3481 Valentiniano,
779 3414 839 3469 sivo
854 3415 890 3469 ah
905 3414 1046 3488 Augustis
1062 3414 1175 3487 scripta
1192 3413 1365 3479 Quesnellus
1380 3414 1506 3485 subjecit
1528 3412 1681 3485 epistolam
1707 3427 1796 3483 quam

109 3480 278 3538 Theodosius
293 3483 430 3539 reddidit.
447 3484 504 3539 Nos
521 3483 699 3540 collectionis
713 3484 957 3541 Chalcedonensis
973 3486 1142 3542 methodum
1159 3486 1344 3542 strationem
1361 3485 1449 3540 otiam
1465 3484 1606 3557 temporis
1619 3484 1799 3555 sequendam

110 3553 1800 3684 ξυῐ1666ἆ666ἑ1166ι16661666666616ἰηῖ66ν611ὶυῐ616ἴί1ἰυ616ὅ1ἓ6ἓ46666616ἑ61111166666ὺ616ᾗ6666ῗίἰ6616161616116611666

147 3640 208 3681 oren
228 3643 252 3680 se
266 3643 293 3681 uu
315 3642 351 3681 en
368 3644 412 3688 ur,
429 3642 462 3681 ac
498 3643 530 3682 ro
563 3643 631 3683 6666
664 3644 697 3683 os
724 3644 740 3683 e
762 3645 787 3683 us
801 3644 817 3684 6
831 3645 864 3683 as
888 3663 894 3679 .
926 3645 942 3683 e
1018 3645 1075 3684 son
1127 3644 1258 3683 smense
1302 3645 1319 3683 n
1348 3644 1376 3683 uo
1391 3644 1440 3684 eas
1462 3643 1509 3683 em
1535 3641 1696 3682 ocavimus.

141 3643 711 3769 606666166666661661666661166661666
723 3644 826 3755 666666
837 3699 890 3755 666
900 3645 1176 3771 66161616666616166
1188 3699 1279 3755 inisse
1289 3699 1399 3764 Latine,
1411 3698 1453 3756 uti
1463 3697 1563 3755 Latine
1573 3696 1682 3769 pariter
1691 3695 1800 3767 scribe-

110 3762 297 3841 banturleges,
307 3768 424 3824 etiamsi
433 3768 461 3825 in
471 3768 587 3825 Oriente
596 3769 745 3831 darentur,
757 3768 902 3825 interiisse
911 3774 1008 3826 lamen
1018 3771 1164 3826 credimus
1173 3769 1316 3843 originale
1327 3770 1472 3837 Latinum,
1485 3768 1637 3841 solamque
1646 3783 1801 3840 superesse

106 3834 225 3895 Grecam
241 3839 415 3905 versionem,
432 3844 460 3895 et
469 3840 573 3897 Latina
583 3839 725 3913 exempla,
739 3856 803 3911 qne
815 3841 850 3897 ad
863 3858 916 3897 nos
926 3842 1102 3897 transmissa
1113 3842 1240 3911 inerunt,
1253 3859 1317 3898 esse
1328 3842 1386 3897 anti
1410 3859 1478 3897 uum
1489 3839 1758 3914 interpretationem
1767 3855 1802 3893 ex

100 3904 203 3981 Gracc,
219 3924 344 3984 eamque
360 3913 396 3967 66
412 3912 529 3967 bomine
543 3912 728 3968 lucubratam
739 3912 839 3968 'Latini
854 3914 998 3969 sermonis
1014 3915 1113 3969 minus
1130 3913 1231 3986 perito,
1249 3916 1282 3969 ut
1297 3917 1399 3970 consta
1420 3914 1442 3967 it
1457 3929 1491 3968 ex
1505 3912 1618 3983 aliquot
1633 3909 1704 3967 locis
1718 3909 1803 3966 vaide

106 3976 276 4040 6666661661
319 3982 411 4039 ssime
420 3982 553 4051 redditis,
561 4000 625 4055 que
632 3985 831 4056 Augustorum
842 3984 977 4057 originali
987 4001 1172 4058 nequaquam
1184 3990 1359 4057 congruunt.
1372 3985 1431 4041 Hac
1443 3984 1532 4040 etiam
1542 3984 1581 4040 de
1590 3998 1680 4040 66666
1692 3981 1802 4038 notatio

109 4052 238 4124 annas
253 4071 272 4111 6
310 4071 383 4111 roseo
398 4053 552 4110 collectore
564 4070 680 4125 semper
694 4055 815 4119 omissa,
831 4055 860 4111 in
877 4055 978 4112 Latino
992 4060 1073 4112 textu
1090 4057 1199 4129 pariter
1214 4057 1408 4125 desideratur,
1423 4072 1488 4127 ques
1502 4055 1638 4128 suppleta
1651 4054 1717 4122 luit,
1734 4070 1803 4110 oum

114 4118 205 4179 letina
221 4123 467 4182 Chalcedonensis
482 4124 662 4181 collectionis
678 4130 780 4181 auctor
794 4126 897 4182 Latina
911 4127 1067 4197 originalia
1082 4128 1204 4183 invenit.
1222 4128 1326 4184 Conier
1340 4129 1452 4185 Prasiai.
1470 4128 1500 4183 in
1515 4126 1654 4200 epistolas
1670 4142 1741 4180 num
1756 4126 1801 4179 36.

144 4193 168 4273 ⁷:
179 4196 258 4251 Nunc
273 4196 404 4264 titulum,
421 4196 471 4268 qui
487 4197 581 4252 tribus
594 4196 798 4268 imperialibus
812 4197 944 4269 epistolis
956 4201 1002 4266 55,
1019 4201 1054 4255 56
1069 4202 1155 4265 6157,
1169 4200 1199 4255 in
1213 4199 1380 4256 collectione
1391 4198 1617 4254 chalcedonensi
1631 4195 1802 4269 prefigitur,

117 4261 279 4324 exhibemus.
294 4271 328 4322 ln
344 4267 442 4323 Graeca
458 4267 626 4324 collectione
642 4267 684 4324 sic
700 4284 707 4322 ἱ
723 4277 792 4325 θεῖον
812 4278 915 4341 γράμμα
936 4278 1118 4342 mancipabit,
1139 4280 1213 4326 τοῦτο
1236 4282 1281 4342 μὲν
1302 4282 1347 4328 τοῦ
1370 4278 1488 4328 δεσπότου
1511 4277 1582 4340 ἡμῶν
1604 4275 1802 4325 caesarianos.

119 4344 211 4394 166661
224 4350 268 4409 τῆς
281 4346 345 4402 θείας
360 4347 460 4410 μνήμης
473 4346 614 4406 Claudias,
628 4346 656 4395 οὐ
672 4349 722 4408 μὴν
735 4346 802 4395 ἀλλὰ
815 4347 914 4407 mit-iq
927 4352 1100 4413 annuncia
1123 4348 1247 4405 mestus<
1266 4350 1386 4411 Εὐδοξίας,
1407 4351 1466 4413 πρὸς
1488 4351 1531 4397 τὸν
1553 4350 1596 4406 τῆς
1619 4346 1681 4403 θείας
1705 4343 1803 4407 μνήμης

118 4412 234 4479 stoliaco,
248 4418 311 4467 6666
325 4417 441 4467 κελεῦσαι
455 4418 543 4473 ἐντοῖς
558 4418 699 4482 μ1ρεσιτῆς
714 4417 816 4472 Ἰταλίας
830 4418 932 4468 σύνοδον
947 4419 1139 4479 ἐπιτελεσθῆναι,
1161 4412 1192 4468 ln
1218 4412 1321 4469 Latina
1344 4429 1411 4468 vero
1435 4412 1526 4467 nostri
1549 4408 1664 4465 codices
1683 4406 1804 4462 116666-

119 4473 192 4536 daut:
209 4480 299 4537 86666
314 4482 417 4539 littores
430 4489 486 4538 tom
500 4499 517 4536 a
531 4481 641 4537 61616166
654 4488 748 4536 nostro
765 4482 966 4551 Valentiniano,
983 4500 1092 4554 quomo
1108 4483 1181 4540 divos
1191 4488 1331 4541 menone
1347 4482 1481 4550 Placidio,
1496 4497 1614 4537 necnon
1627 4487 1653 4536 et
1678 4477 1804 4534 Eudoxio

120 4544 220 4616 dimus
232 4552 267 4609 ud
282 4552 457 4610 Theodosium
469 4553 543 4610 dioae
556 4553 708 4617 6666666616,
724 4557 755 4608 ul
762 4552 871 4625 juberet
886 4554 916 4609 io
928 4555 1056 4626 portibus
1070 4555 1157 4610 ltalia
1171 4557 1318 4612 concilium
1328 4554 1470 4611 ccleirom'.

794 4668 970 4726 sorssors
990 4670 1029 4743 6)
1053 4669 1109 4726 ou.

522 4774 722 4816 VALENTINIANI
737 4773 930 4814 IMPERATORIS
949 4776 986 4816 AD
1004 4773 1188 4816 mecbostuut
1206 4774 1373 4815 AUGUSTUM.

119 4844 176 4908 Μ
189 4853 935 4929 DomiuollrlmeoTnuonosiogioriosissimo,victori

146 4924 396 4999 triumphatori,
413 4932 551 5000 perpetuo
562 4925 730 4999 imperatori
740 4925 926 4999 etpulri,Va·

145 5004 324 5054 1666666666
332 4997 588 5071 gloriosus,viotor
598 5015 632 5055 nc
643 4998 842 5072 triumphator
852 5015 927 5055 sem·

145 5076 187 5131 tter
199 5073 353 5144 Augustus
369 5074 398 5126 et
411 5070 501 5127 iliius.

774 3205 873 3257 autem
884 3202 982 3258 ltomae
994 3201 1196 3257 innotuitaute
1206 3202 1283 3258 diem
1296 3203 1330 3256 17
1338 3202 1434 3258 Martii
1445 3200 1536 3271 hujus
1546 3201 1614 3257 anni
1625 3202 1688 3267 150,
1697 3217 1754 3273 quo
1766 3201 1795 3256 S.

939 4857 967 4925 Α
994 4866 1075 4935 961
1093 4881 1135 4941 Τῷ
1153 4880 1259 4953 δεσπότῃ
1275 4880 1416 4946 66666616,
1435 4882 1538 4945 tutelo,
1555 4895 1658 4951 νικητῇ,
1674 4890 1716 4939 καὶ
1732 4908 1789 4956 τρο·

1026 4956 1255 5019 mercimoniorum
1274 4956 1379 5009 ueniet.
1399 4957 1442 5005 ani
1461 4960 1546 5020 πατρὶ,
1561 4966 1661 5021 mummi:
1683 4954 1788 5014 ‹statas-

1028 5038 1140 5080 τινιανος,
1154 5020 1256 5079 intrim,
1267 5021 1441 5089 τροπαιοῦχος,
1457 5025 1494 5074 ἀεὶ
1509 5029 1629 5091 βασιλεὺς,
1644 5030 1685 5078 καὶ
1699 5030 1759 5084 υἱός.

141 5217 400 5286 Ο66666666166666
410 5229 439 5285 in
449 5230 551 5285 arbem
560 5229 682 5284 Romam
692 5227 925 5286 adDiuinitatem
1028 5223 1294 5287 itaquetentantes
1309 5225 1334 5273 to
1350 5226 1380 5298 τῇ
1397 5225 1464 5275 πόλει
1484 5226 1568 5288 Ῥώμη
1588 5227 1787 5288 tirone-doaso„

111 5301 284 5386 siccandam,
297 5319 430 5391 sequenti
447 5318 493 5375 die
504 5318 540 5374 66
551 5316 701 5374 basilicam
712 5317 836 5391 apostoli
848 5317 924 5374 Petri
993 5309 1023 5359 τὸ
1038 5312 1112 5375 letos,
1131 5312 1161 5369 τῆ
1178 5311 1281 5375 telsion
1298 5314 1380 5380 soson
1394 5315 1419 5364 lt
1435 5316 1468 5377 sep
1484 5314 1605 5378 stimplo
1622 5311 1666 5362 τοῦ
1680 5315 1786 5366 tessel-

107 5404 272 5474 amassint
285 5405 345 5463 illio
359 5411 427 5480 post
442 5405 637 5465 venerabilem
652 5410 767 5462 noctem
783 5406 839 5462 diei
857 5423 924 5480 apo·
991 5400 1036 5450 λου
1048 5401 1144 5466 alapas
1157 5403 1293 5466 apotamo»
1307 5403 1409 5467 κᾴκεῖσε
1424 5404 1486 5466 μετὰ
1500 5404 1543 5461 τὴν
1558 5403 1786 5465 sciscitantium

28 5502 30 5527 ³
105 5479 178 5561 ⁸¹⁰5,
192 5500 221 5552 61
235 5513 253 5567 6
269 5496 401 5554 Romano
415 5497 561 5571 episeopo,
577 5498 606 5551 et
620 5495 657 5551 ab
671 5493 738 5551 aliis
752 5510 820 5550 cum
835 5511 868 5551 eo
889 5512 924 5552 ex
991 5489 1351 5556 ιῆςὴμέραςτοῦάποστὸλου,
1364 5487 1506 5541 assessori
1527 5490 1625 5549 ‘Panes
1638 5490 1784 5555 turnines,

125 5598 175 5691 lul
188 5619 234 5675 ni.
246 5624 314 5694 post
323 5621 409 5694 epist.
420 5623 465 5677 17.
476 5621 543 5687 Quae
554 5623 652 5677 autem
661 5624 724 5676 erat
732 5621 778 5690 55,
787 5636 867 5703 nanc
878 5622 923 5677 71.
978 5637 1048 5683 meo,
1064 5623 1092 5676 ct
1106 5619 1174 5676 dein
1189 5619 1299 5675 habent
1311 5618 1437 5689 qlorioso.
1455 5614 1621 5673 Lectionem
1637 5632 1709 5672 mss.
1736 5612 1804 5671 coll.

98 5668 163 5745 Siti
184 5693 284 5749 iasab
300 5693 391 5750 tinem
405 5693 489 5750 Febr.
505 5709 552 5750 sn.
567 5694 630 5750 150.
850 5698 852 5702 “
978 5691 1225 5751 Chalcedonensis
1240 5695 1303 5747 tum
1319 5692 1498 5758 nostrorum,
1522 5693 1587 5745 tum
1612 5685 1804 5746 1161666661-

120 5708 308 5839 lblllulgnti
330 5764 429 5824 Gracc
452 5765 545 5823 textui
567 5762 761 5822 coherentias
784 5761 924 5821 omittunt
978 5764 1088 5822 dimus.
