4050 6175
243 244 302 312 its
799 244 832 311 S.
855 245 997 338 Leonis
1017 243 1143 311 uacui
1165 244 1388 313 sinuosus
1886 247 1945 316 ise

242 386 421 456 austremon
436 379 532 442 solum
543 379 712 458 apostolica,
724 380 774 440 sed
786 379 876 440 etism
886 376 1062 456 episcopalis
1074 382 1103 450 Α
1117 384 1316 452 exterrerunt3
1332 384 1360 440 et
1382 379 1592 458 insuperabilis
1613 379 1698 453 tides,
1713 398 1777 459 que
1807 380 1945 443 bellando

242 481 404 542 beatissimi
415 483 542 557 dignitas
551 482 639 553 Petri,
650 482 698 557 qui
712 480 774 540 sedi
797 497 857 537 sua
868 494 991 553 preesse
1002 494 1060 535 nou
1116 486 1174 527 non
1189 471 1286 541 cessit,
1302 471 1443 536 vincendo
1459 488 1517 530 non
1531 473 1635 547 tepuit.
1814 483 1817 486 “

242 580 358 652 desinit,
375 580 701 641 elindedciensoblinet
711 597 777 637 cum
789 582 896 636 aterno
906 575 1061 634 Sacerdote
1150 561 1217 617 Uip·
1232 560 1267 616 V·
1283 593 1317 601 ··
1327 564 1398 618 cum
1410 578 1478 635 er8⁰
1492 561 1523 619 in
1533 562 1636 620 'fiebili
1647 562 1757 622 ”Osiris
1768 564 1947 621 moesliluffi·

241 679 431 737 oongoffium·
448 679 586 738 Solidims
596 678 675 737 enim
686 677 832 751 inaquam
845 677 880 733 de
891 673 1061 732 petraChfi.
1115 664 1167 705 nes
1183 649 1212 705 in
1228 648 1370 721 laetiliam,
1387 650 1501 707 labores
1516 652 1546 707 in
1562 653 1703 726 requiem,
1715 653 1868 711 discordie
1879 672 1946 712 ver·

239 778 387 835 stantiam
402 777 668 852 ipsePetralactus
683 776 804 848 accepit,
822 775 852 831 iii
863 791 933 831 suos
943 788 1060 846 quoque
1114 739 1219 793 tumus
1233 755 1261 792 ¹⁰
1277 755 1391 812 paoem'
1409 756 1597 813 ⁰3⁰⁰⁸⁰¹m¹¹⁸
1620 757 1677 796 ¹²⁰⁰
1694 739 1830 813 pm⁸¹¹¹¹⁸
1845 742 1946 800 ”⁰⁸¹¹'i

239 870 1060 990 ⁸⁰“uidibreuisubieritiseuti
1113 828 1947 992 iiiliiitllllil⁰ilitiltltiii‘tiil

236 984 287 1036 tur
301 978 458 1043 firmitatis,
475 992 534 1038 uon
544 975 632 1030 dubie
641 976 761 1045 apparet
772 972 911 1028 tortitudo
920 976 1057 1044 pastoris.

343 1074 349 1086 .
436 1072 442 1083 ο
633 1068 639 1080 ι
786 1057 829 1078 ,1
1112 1003 1945 1081 aquisprasiderejudieiis;utmanenteapudnosjure

236 1075 308 1132 Nam
325 1072 501 1129 ³¹⁰¹1¹⁰¹b¹¹⁵
517 1071 575 1127 fem
591 1069 700 1140 ”mque
711 1067 951 1140 maltimbuspm
962 1083 1060 1123 ΒΜ·
1112 1092 1222 1167 ligandi
1239 1097 1325 1165 atque
1341 1094 1481 1162 solvendi,
1499 1111 1551 1168 per
1564 1096 1752 1152 moderamen
1772 1097 1943 1155 beatissimi

237 1157 701 1238 piarummlefflnmp³⁸³i⁰¹¹¹¹mi
712 1157 1057 1258 h⁰⁰⁰d¹¹¹⁹m³fp⁸⁰f⁰m
1112 1182 1188 1238 Petri
1203 1186 1231 1238 et
1241 1183 1497 1239 condemnatusad
1509 1184 1721 1256 peonitentiam,
1733 1186 1943 1243 etreccncilia·

236 1251 452 1313 manisoetanda
466 1250 606 1305 mmm
622 1251 676 1312 θεῖ’
688 1252 722 1302 ut
731 1262 816 1318 ⁰p⁰m
826 1246 1059 1318 p⁰ri⁰m⁸¹¹t¹b⁰⁸
1112 1274 1160 1327 tus
1171 1271 1388 1344 perducaturad
1400 1272 1524 1328 veniam.
1538 1274 1572 1328 Et
1585 1273 1800 1347 ideoquidquid
1809 1274 1838 1329 iii
1850 1275 1943 1332 nobis

236 1344 320 1412 felib
336 1340 455 1397 m⁰ib⁰³
472 1337 597 1440 ahilimr
613 1335 783 1391 immundoe
799 1334 1055 1437 ΒΡῙΓῙΫΠΒἯΩΙῙθῗθν
1111 1359 1198 1415 hodie
1212 1359 1272 1416 sive
1287 1360 1324 1432 (a)
1345 1359 1514 1432 dignatione
1527 1361 1725 1433 fratrum‚sive
1737 1362 1847 1435 pietate
1861 1364 1941 1421 tilio·

234 1438 262 1489 θῑ
277 1424 869 1502 inl¹¹1¹1¹0¹'⁰³ll⁰⁸⁸¹¹¹l⁰¹¹fflil³¹³¹¹8¹¹⁰f⁰⁵3
882 1423 1056 1523 ‘ilffffiiilfflffl
1111 1465 1177 1504 rum
1192 1446 1338 1504 detulistis
1353 1449 1452 1516 officii,
1469 1448 1511 1505 illi
1528 1466 1579 1506 ros
1594 1466 1709 1507 mecum
1725 1451 1898 1525 religiosius
1914 1458 1945 1510 et

234 1521 311 1578 beuti
325 1519 402 1576 Petri
417 1522 477 1574 tam
495 1514 711 1589 imperituserit
723 1518 774 1569 aut
787 1518 847 1568 tam
858 1513 973 1569 invidus
983 1515 1057 1570 sisti·
1110 1538 1208 1594 ,erius
1221 1539 1400 1611 impendisse
1415 1539 1591 1611 cognoscite,
1607 1541 1693 1612 cujus
1717 1540 1779 1597 sedi
1805 1559 1865 1599 nou
1877 1547 1943 1601 qam

234 1615 398 1690 malor,qni
409 1614 485 1672 ullas
498 1613 631 1670 Ecclesia
642 1615 739 1686 partes
749 1625 805 1666 nori
816 1609 1052 1682 ipsiussolliciiu·
1111 1627 1263 1700 pfoesjdeoe
1279 1629 1367 1700 quim
1381 1628 1490 1683 servire
1508 1629 1682 1701 gaudemus,
1699 1636 1853 1703 sperarim
1870 1648 1945 1690 0m.

233 1716 301 1773 dine
316 1714 386 1788 regi,
400 1730 458 1771 non
474 1710 568 1784 ipsius
583 1708 743 1781 Obteffldai
758 1707 964 1782 augeri‘IVigel
975 1725 1055 1781 pror·
1096 1716 1240 1782 ,tionibus
1254 1715 1349 1789 ipsius
1365 1733 1444 1772 essse
1461 1717 1670 1790 prestandum,
1689 1723 1722 1774 ut
1744 1717 1823 1775 Deus
1849 1721 1944 1780 mise·

233 1803 875 1884 susetviiiilinapostolorumprincipcilla
896 1805 1056 1862 lleihomi·
1110 1804 1300 1862 ricordiarum
1330 1805 1484 1861 ministerii
1514 1807 1606 1863 nostri
1635 1810 1767 1879 tempora
1788 1809 1943 1884 benignus

232 1920 365 1977 numque
379 1898 505 1969 dilectio,
522 1914 611 1973 quam
626 1913 685 1954 nori
700 1896 828 1952 claustra
843 1896 977 1962 carceris,
996 1912 1054 1951 non
1110 1894 1242 1968 aspiciat,
1272 1901 1478 1968 pastoremque
1505 1895 1604 1952 ovium
1633 1912 1756 1953 suarum
1786 1900 1942 1957 custodire

233 1997 351 2062 catenae,
375 2007 434 2048 nou
457 1985 614 2063 populares
629 1986 769 2059 impetus,
786 2001 843 2041 non
868 1984 954 2040 mina
968 1984 1054 2057 regiae
1109 1999 1225 2056 semper
1240 1982 1388 2058 dignetur,
1404 1989 1432 2038 et
1447 2000 1576 2057 pascere.

268 2110 307 2182 (a)
323 2106 458 2166 Officium
473 2121 531 2177 quo
546 2103 650 2159 batres
665 2100 721 2158 sibi
733 2099 843 2173 aliquid
854 2099 1055 2171 ecdiprictiorie
1109 2099 1143 2154 ad
1161 2115 1225 2172 quie
1240 2097 1388 2166 nullaleir,
1402 2103 1579 2172 preceptum
1591 2099 1706 2157 nullum
1717 2103 1844 2174 cogeret,
1856 2101 1943 2159 sicut

231 2179 372 2240 detulisse
385 2179 415 2235 S.
432 2178 487 2233 Leo
502 2173 601 2240 tradit,
617 2189 668 2229 aas
683 2176 798 2228 tantum
815 2171 1055 2244 respicitepisco·
1133 2172 1210 2228 'etrite
1223 2171 1346 2242 filiorum
1360 2171 1402 2226 ite
1416 2171 1574 2243 dipuetione
1587 2174 1708 2244 fratrum
1717 2172 1940 2246 pendebantur.

230 2269 335 2328 porum
346 2247 560 2312 couventua,ad
573 2243 748 2317 quesistiob
758 2242 963 2326 celebrandum
973 2243 1054 2298 iiiini-
1106 2188 1186 2297 iiiiii
1202 2258 1270 2324 ergo
1285 2246 1348 2297 erat
1363 2259 1415 2324 eur
1430 2242 1603 2324 Quesnellus
1613 2243 1753 2302 huicloca
1764 2244 1940 2318 generalem

229 2323 393 2382 versarium
410 2319 486 2376 diem
497 2315 690 2374 ordinationis
699 2315 764 2387 ejus
775 2318 890 2397 inritati
901 2330 1052 2397 concurre·
1095 2317 1391 2397 ‘propositionemin
1407 2313 1526 2385 postilla
1550 2323 1729 2388 opponeret:
1759 2317 1874 2398 Episccp
1876 2317 1943 2372 iae

230 2401 306 2454 rant.
324 2394 398 2466 Lege
413 2406 501 2448 sarni.
517 2393 544 2454 i,
561 2404 587 2443 c.
603 2389 631 2443 2.
647 2386 711 2442 Hice
725 2391 754 2442 et
765 2385 813 2442 his
824 2385 933 2441 similia
943 2385 1052 2452 officia,
1107 2385 1266 2457 dcpnatrane
1280 2384 1373 2456 officia
1384 2384 1509 2457 deterunt
1523 2387 1645 2443 Romana
1657 2386 1794 2460 pontifici.

538 2548 755 2613 auuoulilo
777 2549 814 2609 ΙΝ
837 2549 1065 2621 SEOUENTES
1088 2548 1298 2610 SERMONES
1320 2548 1372 2609 DE
1394 2548 1617 2611 COLLECTIS.

264 2661 440 2719 Celeberrimi
449 2660 512 2714 suist
525 2656 554 2712 S.
570 2656 812 2711 becausermanes
825 2653 858 2711 de
873 2653 1025 2722 Colleclis3
1041 2655 1141 2724 quippe
1154 2654 1306 2725 peculiares
1320 2653 1454 2724 quasdam
1467 2655 1593 2711 collectas
1608 2655 1743 2723 iiidiciuu,
1759 2671 1821 2728 quie
1831 2656 1885 2711 asi
1897 2671 1941 2711 ecc

227 2734 314 2790 Leone
327 2733 514 2788 mererentur
528 2745 545 2783 u
556 2726 696 2799 pluribus,
708 2741 754 2781 eas
768 2728 887 2781 amena
901 2727 1029 2851 quapiam
1043 2725 1193 2797 explicatus
1207 2726 1328 2796 reperire
1342 2741 1398 2780 uon
1413 2727 1502 2783 licuit.
1518 2728 1682 2798 Qucsnellus
1698 2728 1728 2783 iu
1742 2727 1884 2783 alanne
1896 2728 1941 2782 ad

223 2805 348 2877 primum
359 2801 393 2858 de
407 2800 530 2857 Collectis
543 2812 694 2853 sermonem
707 2798 757 2852 bac
770 2811 858 2851 uuum
871 2813 903 2852 su
916 2797 1003 2869 jecit:
1019 2795 1059 2850 De
1073 2794 1261 2852 collectarum
1277 2813 1331 2852 usu
1348 2801 1377 2852 et
1403 2797 1463 2852 anti
1487 2796 1577 2854 nitate
1603 2798 1697 2855 multa
1711 2797 1758 2854 bic
1773 2813 1939 2870 congerere

226 2879 305 2932 esset
317 2878 415 2930 actum
430 2886 525 2944 apere.
542 2867 682 2950 Consului
697 2867 747 2939 qui
762 2864 838 2948 volet
852 2882 909 2922 ein.
926 2867 1005 2949 card.
1022 2866 1178 2924 Beroniurn
1194 2867 1230 2923 ad
1247 2884 1293 2921 aii.
1309 2867 1361 2922 Cir.
1377 2868 1412 2922 ii
1427 2886 1456 2924 ii.
1467 2814 1517 2937 siti,
1533 2870 1578 2936 31,
1594 2870 1668 2925 etad
1682 2886 1730 2925 aii.
1741 2870 1786 2936 58,
1797 2869 1934 2926 num.35

225 2946 294 3003 lllas
308 2962 366 3001 non
381 2944 412 3000 iu
427 2942 489 2999 sala
505 2946 653 2996 Domlnlcu
667 2939 728 2995 fieri
753 2936 853 2996 solitas
868 2938 972 2994 Leonis
986 2943 1127 3011 tempore,
1158 2942 1238 3009 patet
1251 2955 1285 2994 eii
1301 2954 1436 2995 sermone
1449 2941 1468 2993 2
1481 2945 1510 2994 et
1523 2940 1550 3007 3,
1576 2940 1626 2996 ubi
1642 2941 1777 2997 secundis
1791 2946 1819 2996 et
1833 2938 1934 2996 uriiae

225 3017 303 3074 feria
319 3017 352 3073 sit
367 3014 486 3071 mentio.
501 3013 560 3068 Non
574 3013 667 3066 tamen
679 3010 713 3065 ilc
727 3009 915 3066 communibus
928 3009 1056 3078 collectis,
1073 3025 1134 3081 qua
1148 3011 1179 3065 iu
1191 3009 1316 3066 omnibus
1327 3010 1454 3067 Ecclesits
1468 3010 1536 3067 alim
1545 3012 1656 3083 fiebunt,
1666 3011 1713 3068 sed
1726 3011 1760 3068 dc
1772 3011 1936 3068 sabaudi-

224 3092 307 3147 naria
321 3105 353 3146 ac
364 3088 508 3161 precipua
520 3083 753 3155 curmosyinrum
766 3081 922 3138 collectione
936 3081 964 3139 S.
980 3082 1098 3138 Leonem
1120 3082 1164 3138 liis
1179 3083 1209 3139 iu
1222 3083 1391 3138 semissibus
1420 3081 1495 3155 loqui
1508 3083 1660 3140 credimus:
1676 3100 1739 3158 qua
1765 3086 1835 3142 cata
1856 3085 1935 3141 anui

224 3164 351 3235 lenipore,
367 3176 400 3215 cc
412 3161 443 3215 in
456 3166 557 3214 certum
571 3155 694 3226 primum
708 3153 780 3210 diem
794 3153 898 3209 indicta
908 3155 934 3210 cl
949 3154 1077 3224 inceptu,
1093 3154 1158 3209 aliis
1173 3153 1396 3225 consequentibus
1407 3153 1504 3210 dicbus
1518 3155 1723 3227 perficiebatur.

257 3233 334 3289 Putet
347 3230 462 3287 indictio
476 3231 507 3285 iu
521 3224 703 3283 ccuumdicm
717 3241 752 3281 ec
765 3240 924 3296 uiaequoque
936 3240 1078 3280 sermone:
1093 3241 1159 3280 nam
1168 3240 1292 3280 samone
1304 3226 1394 3295 primo
1410 3226 1438 3279 in
1454 3225 1769 3295 dominicamsccunda
1781 3228 1810 3282 iii
1826 3242 1935 3282 senin-

222 3303 407 3375 damscriani,
422 3302 502 3359 terlio
516 3301 546 3355 iu
559 3298 660 3369 seriam
672 3298 792 3357 tertiam.
808 3299 903 3367 quarta
920 3298 950 3351 in
980 3304 1090 3351 uariam
1102 3300 1213 3368 teriam,
1229 3296 1270 3352 uei
1279 3297 1371 3368 polius
1387 3297 1522 3367 quiiuarn,
1538 3299 1634 3369 quinta
1649 3300 1749 3354 derum
1763 3300 1794 3353 iu
1801 3299 1934 3370 primm

222 3376 404 3439 dominicam,
420 3390 452 3430 ae
463 3373 538 3428 secto
553 3371 584 3424 in
597 3368 671 3425 dnm
684 3368 787 3423 saccali
798 3368 915 3423 collecte
929 3369 950 3423 ii
979 3369 1099 3423 icuruur.
1117 3367 1184 3423 Cum
1194 3368 1224 3422 lii
1238 3382 1377 3423 saurauer
1390 3367 1505 3424 diuersis
1514 3370 1596 3423 annis
1608 3369 1696 3424 babili
1704 3370 1822 3444 suain,
1835 3371 1865 3424 iri
1873 3370 1933 3426 bue

222 3446 329 3503 dierum
343 3448 476 3503 curiatae
488 3443 577 3498 cerias
589 3438 686 3512 procul
699 3438 781 3495 dubio
795 3439 914 3511 aiicujus
927 3440 1029 3494 mensis
1044 3438 1101 3494 dics
1111 3440 1249 3506 innuitur,
1265 3439 1314 3509 qui
1328 3453 1382 3494 uno
1392 3454 1465 3494 unua
1479 3440 1510 3495 in
1519 3441 1703 3508 Darniriicum,
1714 3441 1770 3496 allo
1785 3442 1815 3496 in
1823 3442 1934 3513 seriam

221 3517 377 3588 secuudum,
390 3518 446 3572 alio
461 3516 492 3571 in
505 3513 628 3579 tertiam,
643 3519 705 3576 cic..
716 3509 859 3579 incideret,
874 3518 901 3566 et
913 3526 1050 3566 unnarmn
1063 3526 1145 3566 cursu
1160 3511 1260 3565 iterum
1274 3508 1382 3565 caderet
1396 3511 1427 3565 iu
1443 3511 1627 3567 Dominicam.
1644 3513 1705 3567 lius
1731 3514 1822 3569 auem
1837 3513 1868 3566 in
1883 3512 1934 3567 iiis

221 3589 393 3646 seminibus
406 3592 581 3650 memorans,
591 3598 646 3639 nou
656 3581 810 3638 uuicussed
821 3580 934 3654 primus
944 3579 1130 3638 collectarum
1142 3582 1205 3637 dies
1219 3581 1546 3653 appellnurscrmcnca.
1560 3586 1586 3637 et
1602 3599 1682 3639 sain.
1694 3584 1722 3647 5,
1732 3599 1756 3639 c.
1772 3588 1788 3638 i
1803 3582 1932 3639 dicitur:

220 3659 271 3717 Die
287 3657 438 3721 Dominicis
452 3657 548 3782 priqis
561 3654 716 3781 ebstnitmura
731 3652 873 3717 collectio,
888 3655 974 3725 lpilnr
988 3654 1053 3708 aliis
1068 3652 1163 3708 dicbus
1177 3653 1242 3708 iiiia
1254 3653 1424 3708 collectiones
1438 3653 1539 3724 fiebant
1552 3670 1562 3715 ‚·
1573 3670 1606 3709 ac
1618 3654 1734 3727 perinde
1748 3653 1791 3710 lia
1804 3653 1932 3711 coucam

222 3735 253 3789 in
267 3733 307 3788 ali
325 3740 371 3788 uct
382 3732 439 3787 dies
486 3744 501 3783 a
520 3743 568 3782 ace
586 3743 603 3780 a
635 3742 679 3780 ar.

255 3750 411 3859 llisquutcm
424 3745 518 3855 digitis
530 3797 646 3853 Ronmni
658 3812 708 3867 per
721 3795 852 3850 Ecclesiae
866 3810 981 3850 suanum
990 3793 1271 3863 reqionumdebebaul
1280 3795 1424 3851 consimirc
1437 3793 1471 3850 ad
1485 3811 1546 3852 eam
1554 3796 1790 3869 eleemosynarum
1799 3796 1931 3868 tarpitio-

220 3889 293 3939 ricm,
308 3889 391 3944 quam
407 3879 432 3926 et
445 3868 562 3942 irradias
576 3870 601 3923 el
611 3867 699 3939 pietas
712 3865 850 3930 sanciebat,
867 3866 910 3920 uli
932 3865 1052 3921 traditur
1060 3881 1141 3921 serra
1157 3865 1178 3920 3
1191 3867 1216 3921 el
1243 3867 1270 3933 l,
1285 3882 1309 3921 c.
1324 3867 1352 3931 3,
1366 3868 1390 3921 ct
1404 3882 1487 3923 serm.
1502 3868 1529 3933 6,
1554 3884 1579 3923 c.
1596 3872 1623 3923 2,
1648 3869 1733 3924 Erant
1747 3883 1809 3925 vero
1826 3869 1931 3926 leonis

219 3946 339 4015 tempore
351 3944 452 4014 septem
465 3941 589 4011 repicncs
603 3937 789 3993 ecclesiastica
803 3937 833 3990 in
849 3936 1047 4008 dilapsorum
1061 3936 1179 4003 sinpulie
1188 3936 1428 3992 siiamdiaconi'am
1439 3937 1584 4003 iniciant,
1596 3940 1645 3995 ubi
1653 3942 1806 3996 nosocomia
1822 3942 1929 4011 ripau-

218 4013 476 4086 perumdiuerscrio
485 4012 572 4076 erant,
582 4010 613 4064 in
640 4008 721 4064 uibus
730 4007 820 4063 aidica
829 4008 933 4078 aliique
941 4013 1048 4078 epentm
1057 4008 1237 4063 molestantes
1248 4010 1317 4079 stipe
1324 4009 1479 4066 debentia.
1494 4009 1556 4066 Vide
1565 4012 1757 4066 illabillontuin
1767 4010 1924 4067 Corniiieut.

220 4087 252 4143 iu
266 4085 362 4142 ordin.
377 4086 490 4140 boumn.
505 4083 570 4137 leur.
586 4082 611 4134 ll
651 4080 710 4134 iisei
723 4078 821 4144 dallei,
835 4095 899 4150 pap.
917 4079 960 4136 17.
976 4078 1015 4134 ic
1030 4079 1079 4134 lias
1091 4094 1154 4150 erpo
1168 4079 1469 4151 diaconiusdcscrendoe
1483 4084 1562 4137 auru
1578 4084 1765 4154 eleemosyna,
1783 4098 1846 4153 qun
1871 4097 1931 4154 per

220 4155 438 4230 presidentium
453 4166 554 4209 curam
569 4149 743 4208 necessariis
758 4148 923 4205 serviebant
950 4149 1102 4223 expensis:
1118 4149 1189 4223 quia
1214 4150 1251 4206 ad
1266 4150 1424 4209 lleclesiam
1440 4152 1567 4209 maxime
1581 4154 1617 4210 ab
1645 4168 1822 4226 unoquoque
1837 4169 1929 4225 opem

222 4230 369 4301 quaerente
383 4224 560 4287 decurritur,
575 4230 606 4278 ul
619 4222 660 4277 ait
675 4222 727 4277 bea
741 4236 823 4277 sena.
837 4221 864 4288 6,
880 4235 904 4277 c.
919 4224 947 4277 2.

253 4300 332 4357 Nunc
346 4302 502 4359 eulaeum.
516 4295 542 4350 ti
555 4294 617 4366 diri
627 4293 738 4365 poluit.
753 4291 853 4346 baalin
866 4293 1042 4348 calidarum
1055 4292 1202 4359 institutio,
1217 4307 1266 4348 nec
1276 4293 1370 4348 nenia
1382 4308 1463 4364 quem
1472 4295 1760 4363 mensemincidcrcnt,
1771 4297 1797 4351 el
1810 4309 1862 4367 quc
1880 4296 1929 4350 iu-

219 4370 347 4427 cboureril
360 4370 462 4426 mauis
475 4368 530 4429 die,
543 4372 658 4437 quotque
671 4363 766 4419 diebus
776 4372 982 4435 peraperentur.
998 4365 1199 4420 institutionem
1213 4363 1369 4419 subindicat
1382 4364 1410 4419 S.
1422 4367 1554 4447 pariliter
1567 4368 1683 4434 serin3,
1699 4376 1715 4425 a
1731 4375 1757 4422 er
1769 4367 1797 4434 5,
1808 4365 1858 4420 nbi
1867 4367 1932 4421 θοι.

219 4443 306 4498 lectus
319 4440 452 4515 ejusmodi
465 4440 532 4496 olim
545 4453 563 4493 u
576 4436 705 4491 Patribus
719 4433 846 4489 induam
859 4434 958 4505 modii,
975 4439 1005 4491 ut
1018 4451 1049 4492 cc
1063 4435 1108 4491 ilie
1121 4451 1173 4506 quo
1185 4436 1293 4506 panant
1306 4436 1548 4507 superstitionibus
1562 4440 1621 4493 suis
1635 4437 1743 4494 diabalo
1755 4436 1926 4505 sariebant,

220 4514 372 4570 Christiani
385 4526 450 4568 suas
462 4511 612 4566 oblationes
622 4507 675 4562 Dea
684 4507 819 4561 sacratius
829 4506 967 4577 climart.
980 4506 1025 4562 Sic
1033 4507 1108 4562 euim
1118 4522 1199 4561 serm.
1216 4509 1249 4560 2:
1265 4506 1308 4560 Ad
1319 4505 1513 4563 destruendas
1524 4508 1638 4580 antiqui
1648 4508 1743 4566 hostis
1752 4506 1877 4563 insidias
1894 4506 1928 4563 iii

219 4584 266 4640 die
282 4600 340 4656 quo
355 4582 439 4657 impii
455 4581 510 4637 sub
523 4578 667 4635 idolorum
684 4592 804 4633 suorum
821 4576 1066 4633 nominodiabolo
1081 4576 1253 4644 serviebant,
1291 4575 1525 4650 revidentissime
1538 4579 1567 4634 iii
1580 4586 1682 4636 sancta
1689 4577 1817 4636 Ecclesia
1828 4578 1932 4652 prima

219 4659 265 4711 est
279 4654 401 4711 institua
416 4651 557 4709 collectio.
569 4651 601 4706 Et
615 4649 739 4730 apertius
753 4663 836 4704 scrin.
852 4650 879 4714 ii,
896 4664 956 4719 cap.
972 4649 989 4705 3
1003 4666 1010 4703 :
1029 4647 1094 4705 Dies
1110 4664 1163 4729 nos
1175 4593 1339 4729 aposmiice
1351 4648 1545 4706 institutionis
1559 4649 1673 4717 invitat,
1688 4650 1718 4706 in
1734 4665 1792 4722 quo
1806 4654 1930 4707 saneta-

217 4740 284 4782 rum
301 4724 489 4781 collationum
505 4722 601 4796 prima
616 4719 746 4776 collectio
770 4724 814 4774 est
829 4719 1019 4790 prudentera
1045 4718 1182 4775 Patribus
1196 4724 1225 4773 et
1239 4718 1350 4775 utiliter
1374 4720 1520 4793 ordinata,
1536 4726 1569 4776 ut
1592 4722 1662 4804 quia
1676 4722 1707 4778 in
1722 4720 1777 4778 boc
1792 4726 1931 4794 tempore

238 4796 336 4854 entilis
351 4795 500 4869 quondam
516 4791 644 4866 populus
658 4790 882 4863 superstitiosus
897 4790 1081 4846 damonibus
1096 4789 1248 4857 serviebat,
1265 4796 1366 4846 contra
1381 4792 1517 4863 prolanas
1532 4792 1644 4850 hostias
1660 4792 1818 4866 impiorum
1829 4808 1930 4849 sacra·

217 4812 335 4925 iissima
348 4871 514 4925 nostrarum
529 4863 779 4935 eleemosynarum
794 4859 987 4918 celebraretur
1001 4860 1204 4927 oblatiooiicd
1220 4860 1290 4931 quia
1304 4860 1491 4921 incrementis
1506 4863 1637 4921 Ecclesia
1652 4864 1929 4923 buntucsissimum

218 4940 284 5002 luit.
299 4938 411 5012 placuit
425 4952 489 4993 esse
501 4937 662 5008 perpetum.
680 4932 712 4988 dl
723 4948 804 4989 serm.
815 4933 843 4999 5,
859 4950 882 4990 c.
900 4933 926 4999 l,
943 4936 1059 4988 testatur
1072 4932 1143 4987 lianc
1153 4933 1351 4988 institutionem
1364 4936 1486 5005 antiquis
1498 4937 1633 5008 proluisse
1643 4936 1679 4993 ad
1694 4936 1929 4993 destructionem

217 5011 380 5068 vanitatum
393 5006 452 5064 Dirc
465 5022 500 5064 ee
515 5007 557 5062 tiis
571 5004 731 5075 colliqenda.
747 5005 873 5060 Primum
884 5005 917 5060 ab
929 5005 1051 5075 antiquis
1066 5002 1191 5059 Ecclesia
1203 5003 1339 5072 Parius,
1355 5004 1403 5087 qui
1424 5006 1517 5077 plures
1530 5008 1600 5063 alim
1614 5007 1672 5064 dies
1685 5008 1930 5081 superstitionibus

216 5084 333 5157 pollutos
348 5082 378 5136 in
390 5082 451 5153 pios
463 5078 552 5134 cultus
567 5075 894 5141 irmumrunrccicbrcn
908 5076 1032 5145 aliquam
1041 5090 1214 5147 papauerum
1222 5077 1513 5149 superstitionemque
1524 5080 1650 5150 prolana
1661 5078 1776 5136 hostia:
1787 5095 1835 5134 seu
1847 5078 1928 5134 onia.

217 5157 304 5212 tiones
317 5155 419 5226 aliqua
432 5148 642 5220 contuebantur
655 5146 755 5201 celebri
771 5147 886 5217 quadam
901 5146 944 5203 dic
959 5147 990 5200 in
1011 5148 1129 5218 impium
1143 5145 1279 5201 idolorum
1306 5147 1422 5213 cultam,
1437 5150 1466 5203 in
1476 5151 1539 5221 pios
1556 5149 1689 5221 qusnwdi
1700 5151 1827 5206 collectas
1839 5151 1932 5221 fuisse

217 5241 385 5283 caucasum.
402 5222 560 5280 Semurium
577 5217 644 5274 adca
657 5217 807 5272 ioannem
821 5218 893 5274 lanc
908 5219 1107 5273 intitutionem
1121 5219 1215 5288 fuisse,
1229 5225 1259 5272 ut
1270 5218 1389 5272 eccene
1404 5220 1512 5286 utilem,
1528 5229 1560 5276 ut
1573 5220 1657 5277 iidem
1673 5222 1769 5278 Patres
1782 5219 1933 5277 voluerint

218 5313 282 5353 esse
298 5299 484 5369 perpetuam,
499 5294 525 5348 ct
539 5288 640 5345 idcirco
653 5287 761 5343 sublata
776 5289 842 5344 licet
854 5305 886 5345 ea
898 5290 983 5345 adem
996 5289 1198 5360 superstitione.
1215 5289 1313 5343 bearis
1329 5287 1418 5345 adbuc
1430 5293 1509 5346 atate
1523 5293 1639 5362 uipebat.

254 5368 311 5435 Quo
322 5383 406 5439 porro
419 5367 476 5422 tioec
489 5380 523 5420 su
541 5361 646 5418 crsldio
662 5360 761 5430 facerit,
775 5361 846 5415 unic
860 5360 992 5432 ejusnwdi
1006 5361 1125 5417 collecta
1180 5361 1184 5370 '
1202 5360 1275 5414 inem
1297 5362 1473 5431 minpserint,
1488 5370 1513 5418 ei
1540 5380 1619 5436 quem
1633 5365 1665 5419 in
1677 5379 1841 5421 menemus
1852 5361 1931 5421 piem

218 5437 376 5506 iuciileri'nt,
392 5437 466 5493 unde
478 5379 655 5491 miserarum
666 5431 768 5486 mensis
782 5446 815 5485 ac
825 5432 883 5515 illes
896 5435 1043 5514 danaim,
1059 5447 1122 5487 cum
1135 5429 1164 5486 S.
1202 5445 1232 5513 eo
1258 5431 1330 5486 nibil
1339 5431 1448 5502 prodat,
1465 5433 1577 5491 aliunde
1588 5435 1772 5504 collipeudurn
1784 5435 1865 5491 estlu
1876 5435 1931 5491 liae

218 5516 309 5565 autern
319 5509 399 5579 juuul
414 5509 511 5565 barain
525 5518 681 5560 sermonum
696 5499 761 5557 ordo
775 5517 855 5573 quens
870 5520 901 5557 cn
915 5504 1019 5573 aliqiicl
1037 5518 1102 5558 nass.
1119 5517 1281 5573 reperimus.
1297 5503 1329 5557 lu
1343 5503 1513 5562 lectionaria
1531 5506 1705 5562 l'ullicellana
1720 5508 1752 5573 A,
1767 5506 1794 5572 6,
1808 5513 1931 5576 quatuor

217 5594 253 5635 ec
276 5579 318 5635 liis
331 5580 501 5636 sennonibus
515 5577 699 5633 continentur.
717 5573 916 5629 Descnbautur
929 5584 1021 5629 autem
1039 5576 1099 5645 post
1112 5589 1250 5629 cannones
1265 5572 1322 5629 dici
1336 5573 1382 5629 SS.
1408 5576 1484 5631 Pelii
1497 5586 1523 5634 et
1541 5578 1633 5643 Pauli,
1653 5585 1680 5633 et
1694 5580 1757 5634 ante
1771 5592 1930 5633 samonem

217 5651 314 5707 Leonis
328 5650 373 5716 si,
389 5651 438 5721 qui
451 5652 482 5705 in
495 5664 560 5704 nisi.
576 5645 778 5702 collectionibus
793 5646 883 5716 lenia,
899 5649 1009 5717 quartu,
1021 5649 1047 5700 et
1059 5646 1156 5717 quinta
1170 5648 1270 5700 octaua
1284 5644 1629 5721 corummapastolcrum
1643 5650 1769 5731 affinitur
1780 5663 1789 5715 ;
1800 5646 1931 5721 idemque

218 5720 283 5781 crde
292 5720 501 5796 &metuatur
515 5721 546 5776 in
559 5717 695 5776 codicibus
709 5716 875 5775 allectionis
889 5716 1025 5774 secunde.
1042 5717 1129 5788 lpilur
1143 5717 1174 5771 in
1188 5715 1302 5773 initium
1314 5716 1390 5777 iulii
1403 5721 1641 5793 etsuperstiticnss
1650 5736 1713 5795 pam
1720 5721 1888 5790 mammam
1898 5721 1931 5776 et
