<?xml version="1.0" encoding="UTF-8"?>
<!DOCTYPE html PUBLIC "-//W3C//DTD XHTML 1.0 Transitional//EN"
    "http://www.w3.org/TR/xhtml1/DTD/xhtml1-transitional.dtd">
<html xmlns="http://www.w3.org/1999/xhtml" xml:lang="en" lang="en">
 <head>
  <title>
</title>
<meta http-equiv="Content-Type" content="text/html;charset=utf-8" />
  <meta name='ocr-system' content='tesseract 3.04.00' />
  <meta name='ocr-capabilities' content='ocr_page ocr_carea ocr_par ocr_line ocrx_word'/>
</head>
<body>
  <div class='ocr_page' id='page_1' title='image "./patrologiaecurs30goog/patrologiaecurs30goog_0015.png"; bbox 0 0 4050 6175; ppageno 0'>
   <div class='ocr_carea' id='block_1_1' title="bbox 111 370 1819 446">
    <p class='ocr_par' dir='ltr' id='par_1_1' title="bbox 111 370 1819 446">
     <span class='ocr_line' id='line_1_1' title="bbox 111 370 1819 446; baseline 0.003 -8"><span class='ocrx_word' id='word_1_1' title='bbox 111 372 146 438; x_wconf 85' lang='lat' dir='ltr'><strong>l&#39;t</strong></span> <span class='ocrx_word' id='word_1_2' title='bbox 534 371 743 439; x_wconf 74' lang='lat' dir='ltr'><strong>PliAElbt&#39;llO</strong></span> <span class='ocrx_word' id='word_1_3' title='bbox 764 372 984 438; x_wconf 79' lang='lat' dir='ltr'><strong>(illilltlthlS</strong></span> <span class='ocrx_word' id='word_1_4' title='bbox 1007 373 1048 439; x_wconf 78' lang='lat' dir='ltr'><strong>tlt</strong></span> <span class='ocrx_word' id='word_1_5' title='bbox 1069 370 1173 441; x_wconf 78' lang='lat' dir='ltr'><strong>HANG</strong></span> <span class='ocrx_word' id='word_1_6' title='bbox 1194 374 1425 446; x_wconf 72' lang='lat' dir='ltr'><strong>EDITIONSM.</strong></span> <span class='ocrx_word' id='word_1_7' title='bbox 1780 373 1819 443; x_wconf 67' lang='lat' dir='ltr'><strong>ib</strong></span> 
     </span>
    </p>
   </div>
   <div class='ocr_carea' id='block_1_2' title="bbox 111 483 1817 797">
    <p class='ocr_par' dir='ltr' id='par_1_2' title="bbox 111 483 1817 797">
     <span class='ocr_line' id='line_1_2' title="bbox 111 483 1817 596; baseline 0.004 -22"><span class='ocrx_word' id='word_1_8' title='bbox 111 507 274 574; x_wconf 76' lang='lat' dir='ltr'><strong>abnasibi</strong></span> <span class='ocrx_word' id='word_1_9' title='bbox 288 507 451 592; x_wconf 82' lang='lat' dir='ltr'><strong>adjunxit.</strong></span> <span class='ocrx_word' id='word_1_10' title='bbox 474 510 510 573; x_wconf 94' lang='lat' dir='ltr'><strong>ln</strong></span> <span class='ocrx_word' id='word_1_11' title='bbox 525 508 585 573; x_wconf 90' lang='lat' dir='ltr'><strong>hoc</strong></span> <span class='ocrx_word' id='word_1_12' title='bbox 612 508 722 572; x_wconf 89' lang='lat' dir='ltr'><strong>labore</strong></span> <span class='ocrx_word' id='word_1_13' title='bbox 738 513 839 572; x_wconf 91' lang='lat' dir='ltr'><strong>totum</strong></span> <span class='ocrx_word' id='word_1_14' title='bbox 867 508 898 571; x_wconf 93' lang='lat' dir='ltr'><strong>id</strong></span> <span class='ocrx_word' id='word_1_15' title='bbox 921 483 1083 592; x_wconf 87' lang='lat' dir='ltr'><strong>temporis,</strong></span> <span class='ocrx_word' id='word_1_16' title='bbox 1113 530 1176 596; x_wconf 92' lang='lat' dir='ltr'><strong>quo</strong></span> <span class='ocrx_word' id='word_1_17' title='bbox 1203 512 1319 578; x_wconf 87' lang='lat' dir='ltr'><strong>attere</strong></span> <span class='ocrx_word' id='word_1_18' title='bbox 1341 515 1433 578; x_wconf 91' lang='lat' dir='ltr'><strong>nobis</strong></span> <span class='ocrx_word' id='word_1_19' title='bbox 1457 517 1565 580; x_wconf 81' lang='lat' dir='ltr'><strong>Rome</strong></span> <span class='ocrx_word' id='word_1_20' title='bbox 1587 522 1730 582; x_wconf 82' lang='lat' dir='ltr'><strong>versatus</strong></span> <span class='ocrx_word' id='word_1_21' title='bbox 1757 525 1817 593; x_wconf 88' lang='lat' dir='ltr'><strong>est,</strong></span> 
     </span>
     <span class='ocr_line' id='line_1_3' title="bbox 111 607 1816 698; baseline 0.005 -26"><span class='ocrx_word' id='word_1_22' title='bbox 111 607 142 672; x_wconf 91' lang='lat' dir='ltr'><strong>id</strong></span> <span class='ocrx_word' id='word_1_23' title='bbox 163 615 209 672; x_wconf 88' lang='lat' dir='ltr'><strong>est</strong></span> <span class='ocrx_word' id='word_1_24' title='bbox 230 628 359 672; x_wconf 90' lang='lat' dir='ltr'><strong>anuum</strong></span> <span class='ocrx_word' id='word_1_25' title='bbox 382 609 542 690; x_wconf 87' lang='lat' dir='ltr'><strong>integrum</strong></span> <span class='ocrx_word' id='word_1_26' title='bbox 570 627 642 670; x_wconf 92' lang='lat' dir='ltr'><strong>cum</strong></span> <span class='ocrx_word' id='word_1_27' title='bbox 670 607 812 681; x_wconf 88' lang='lat' dir='ltr'><strong>dimidio,</strong></span> <span class='ocrx_word' id='word_1_28' title='bbox 842 607 925 670; x_wconf 91' lang='lat' dir='ltr'><strong>inter</strong></span> <span class='ocrx_word' id='word_1_29' title='bbox 953 609 1076 671; x_wconf 88' lang='lat' dir='ltr'><strong>codices</strong></span> <span class='ocrx_word' id='word_1_30' title='bbox 1103 610 1318 675; x_wconf 77' lang='lat' dir='ltr'><strong>indesinenter</strong></span> <span class='ocrx_word' id='word_1_31' title='bbox 1339 613 1544 695; x_wconf 90' lang='lat' dir='ltr'><strong>consumpsit.</strong></span> <span class='ocrx_word' id='word_1_32' title='bbox 1571 616 1714 698; x_wconf 84' lang='lat' dir='ltr'><strong>Cumque</strong></span> <span class='ocrx_word' id='word_1_33' title='bbox 1734 615 1816 682; x_wconf 85' lang='lat' dir='ltr'><strong>lsex</strong></span> 
     </span>
     <span class='ocr_line' id='line_1_4' title="bbox 113 705 1817 797; baseline 0.006 -27"><span class='ocrx_word' id='word_1_34' title='bbox 113 709 189 773; x_wconf 83' lang='lat' dir='ltr'><strong>b&#39;rbe</strong></span> <span class='ocrx_word' id='word_1_35' title='bbox 203 707 376 770; x_wconf 90' lang='lat' dir='ltr'><strong>discedens</strong></span> <span class='ocrx_word' id='word_1_36' title='bbox 391 706 544 770; x_wconf 89' lang='lat' dir='ltr'><strong>nonnulla</strong></span> <span class='ocrx_word' id='word_1_37' title='bbox 566 705 742 787; x_wconf 79' lang='lat' dir='ltr'><strong>reliquisset</strong></span> <span class='ocrx_word' id='word_1_38' title='bbox 771 706 970 781; x_wconf 88' lang='lat' dir='ltr'><strong>conterenda,</strong></span> <span class='ocrx_word' id='word_1_39' title='bbox 1000 708 1174 770; x_wconf 85' lang='lat' dir='ltr'><strong>subsidium</strong></span> <span class='ocrx_word' id='word_1_40' title='bbox 1204 710 1444 790; x_wconf 74' lang='lat' dir='ltr'><strong>perhumaniter</strong></span> <span class='ocrx_word' id='word_1_41' title='bbox 1466 712 1682 792; x_wconf 79' lang='lat' dir='ltr'><strong>praestiterunt</strong></span> <span class='ocrx_word' id='word_1_42' title='bbox 1709 715 1817 797; x_wconf 85' lang='lat' dir='ltr'><strong>plures</strong></span> 
     </span>
    </p>
   </div>
   <div class='ocr_carea' id='block_1_3' title="bbox 106 804 1816 2258">
    <p class='ocr_par' dir='ltr' id='par_1_3' title="bbox 106 804 1816 2258">
     <span class='ocr_line' id='line_1_5' title="bbox 114 804 1815 890; baseline 0.005 -22"><span class='ocrx_word' id='word_1_43' title='bbox 114 805 210 869; x_wconf 88' lang='lat' dir='ltr'><strong>amici.</strong></span> <span class='ocrx_word' id='word_1_44' title='bbox 235 807 274 868; x_wconf 91' lang='lat' dir='ltr'><strong>P.</strong></span> <span class='ocrx_word' id='word_1_45' title='bbox 291 807 445 888; x_wconf 88' lang='lat' dir='ltr'><strong>magister</strong></span> <span class='ocrx_word' id='word_1_46' title='bbox 464 805 605 879; x_wconf 91' lang='lat' dir='ltr'><strong>Schiara,</strong></span> <span class='ocrx_word' id='word_1_47' title='bbox 629 804 747 866; x_wconf 84' lang='lat' dir='ltr'><strong>ordinis</strong></span> <span class='ocrx_word' id='word_1_48' title='bbox 770 804 1028 881; x_wconf 78' lang='lat' dir='ltr'><strong>Prasdieatorum,</strong></span> <span class='ocrx_word' id='word_1_49' title='bbox 1055 806 1253 870; x_wconf 80' lang='lat' dir='ltr'><strong>bibliothece</strong></span> <span class='ocrx_word' id='word_1_50' title='bbox 1278 809 1481 872; x_wconf 76' lang='lat' dir='ltr'><strong>casanatensi</strong></span> <span class='ocrx_word' id='word_1_51' title='bbox 1505 811 1684 890; x_wconf 86' lang='lat' dir='ltr'><strong>praetectus,</strong></span> <span class='ocrx_word' id='word_1_52' title='bbox 1710 832 1815 876; x_wconf 86' lang='lat' dir='ltr'><strong>eomes</strong></span> 
     </span>
     <span class='ocr_line' id='line_1_6' title="bbox 112 902 1816 987; baseline 0.003 -18"><span class='ocrx_word' id='word_1_53' title='bbox 112 904 224 987; x_wconf 79' lang='lat' dir='ltr'><strong>loseph</strong></span> <span class='ocrx_word' id='word_1_54' title='bbox 252 907 445 986; x_wconf 74' lang='lat' dir='ltr'><strong>duramnus,</strong></span> <span class='ocrx_word' id='word_1_55' title='bbox 473 902 642 965; x_wconf 87' lang='lat' dir='ltr'><strong>canonicus</strong></span> <span class='ocrx_word' id='word_1_56' title='bbox 670 902 864 965; x_wconf 80' lang='lat' dir='ltr'><strong>basilicas.</strong></span> <span class='ocrx_word' id='word_1_57' title='bbox 894 902 980 964; x_wconf 90' lang='lat' dir='ltr'><strong>Petri</strong></span> <span class='ocrx_word' id='word_1_58' title='bbox 1000 908 1033 965; x_wconf 91' lang='lat' dir='ltr'><strong>et</strong></span> <span class='ocrx_word' id='word_1_59' title='bbox 1063 905 1206 967; x_wconf 84' lang='lat' dir='ltr'><strong>Vaticani</strong></span> <span class='ocrx_word' id='word_1_60' title='bbox 1230 906 1350 968; x_wconf 80' lang='lat' dir='ltr'><strong>archivi</strong></span> <span class='ocrx_word' id='word_1_61' title='bbox 1380 913 1495 981; x_wconf 87' lang='lat' dir='ltr'><strong>custos,</strong></span> <span class='ocrx_word' id='word_1_62' title='bbox 1536 908 1672 971; x_wconf 80' lang='lat' dir='ltr'><strong>concivis</strong></span> <span class='ocrx_word' id='word_1_63' title='bbox 1708 917 1816 974; x_wconf 90' lang='lat' dir='ltr'><strong>noster</strong></span> 
     </span>
     <span class='ocr_line' id='line_1_7' title="bbox 113 1000 1816 1081; baseline 0.003 -14"><span class='ocrx_word' id='word_1_64' title='bbox 113 1007 145 1067; x_wconf 85' lang='lat' dir='ltr'><strong>P.</strong></span> <span class='ocrx_word' id='word_1_65' title='bbox 168 1004 392 1066; x_wconf 85' lang='lat' dir='ltr'><strong>Franciscusa</strong></span> <span class='ocrx_word' id='word_1_66' title='bbox 416 1006 523 1075; x_wconf 88' lang='lat' dir='ltr'><strong>Puteo,</strong></span> <span class='ocrx_word' id='word_1_67' title='bbox 547 1001 712 1081; x_wconf 76' lang='lat' dir='ltr'><strong>presbyter</strong></span> <span class='ocrx_word' id='word_1_68' title='bbox 737 1000 873 1062; x_wconf 89' lang='lat' dir='ltr'><strong>Oratorii</strong></span> <span class='ocrx_word' id='word_1_69' title='bbox 900 1000 931 1061; x_wconf 92' lang='lat' dir='ltr'><strong>in</strong></span> <span class='ocrx_word' id='word_1_70' title='bbox 955 1001 1127 1076; x_wconf 78' lang='lat' dir='ltr'><strong>vallicella,</strong></span> <span class='ocrx_word' id='word_1_71' title='bbox 1154 1003 1263 1064; x_wconf 86' lang='lat' dir='ltr'><strong>Simon</strong></span> <span class='ocrx_word' id='word_1_72' title='bbox 1286 1003 1497 1066; x_wconf 86' lang='lat' dir='ltr'><strong>Baliarinasa</strong></span> <span class='ocrx_word' id='word_1_73' title='bbox 1521 1004 1713 1068; x_wconf 88' lang='lat' dir='ltr'><strong>bibliotheca</strong></span> <span class='ocrx_word' id='word_1_74' title='bbox 1734 1010 1816 1072; x_wconf 90' lang='lat' dir='ltr'><strong>Bar·</strong></span> 
     </span>
     <span class='ocr_line' id='line_1_8' title="bbox 111 1095 1815 1180; baseline 0.002 -17"><span class='ocrx_word' id='word_1_75' title='bbox 111 1101 231 1175; x_wconf 70' lang='lat' dir='ltr'><strong>bemus,</strong></span> <span class='ocrx_word' id='word_1_76' title='bbox 260 1100 380 1180; x_wconf 90' lang='lat' dir='ltr'><strong>aliique</strong></span> <span class='ocrx_word' id='word_1_77' title='bbox 416 1096 569 1171; x_wconf 88' lang='lat' dir='ltr'><strong>nonnulli,</strong></span> <span class='ocrx_word' id='word_1_78' title='bbox 592 1095 647 1177; x_wconf 89' lang='lat' dir='ltr'><strong>qui</strong></span> <span class='ocrx_word' id='word_1_79' title='bbox 672 1096 829 1158; x_wconf 90' lang='lat' dir='ltr'><strong>variantes</strong></span> <span class='ocrx_word' id='word_1_80' title='bbox 861 1096 1147 1178; x_wconf 88' lang='lat' dir='ltr'><strong>manuscriptorum</strong></span> <span class='ocrx_word' id='word_1_81' title='bbox 1185 1118 1263 1180; x_wconf 92' lang='lat' dir='ltr'><strong>quas</strong></span> <span class='ocrx_word' id='word_1_82' title='bbox 1291 1099 1562 1176; x_wconf 85' lang='lat' dir='ltr'><strong>desiderabamus,</strong></span> <span class='ocrx_word' id='word_1_83' title='bbox 1591 1101 1649 1164; x_wconf 92' lang='lat' dir='ltr'><strong>ubs</strong></span> <span class='ocrx_word' id='word_1_84' title='bbox 1681 1121 1714 1166; x_wconf 89' lang='lat' dir='ltr'><strong>se</strong></span> <span class='ocrx_word' id='word_1_85' title='bbox 1744 1103 1815 1166; x_wconf 92' lang='lat' dir='ltr'><strong>dili·</strong></span> 
     </span>
     <span class='ocr_line' id='line_1_9' title="bbox 111 1193 1782 1281; baseline -0.003 -20"><span class='ocrx_word' id='word_1_86' title='bbox 111 1207 222 1281; x_wconf 87' lang='lat' dir='ltr'><strong>genter</strong></span> <span class='ocrx_word' id='word_1_87' title='bbox 235 1199 412 1279; x_wconf 91' lang='lat' dir='ltr'><strong>descriptas</strong></span> <span class='ocrx_word' id='word_1_88' title='bbox 426 1199 584 1260; x_wconf 80' lang='lat' dir='ltr'><strong>Veronam</strong></span> <span class='ocrx_word' id='word_1_89' title='bbox 598 1193 763 1257; x_wconf 88' lang='lat' dir='ltr'><strong>miserunt.</strong></span> <span class='ocrx_word' id='word_1_90' title='bbox 1780 1260 1782 1264; x_wconf 63' lang='grc'>,</span> 
     </span>
     <span class='ocr_line' id='line_1_10' title="bbox 148 1292 1816 1377; baseline 0.002 -18"><span class='ocrx_word' id='word_1_91' title='bbox 148 1299 186 1359; x_wconf 82' lang='lat' dir='ltr'><strong>V.</strong></span> <span class='ocrx_word' id='word_1_92' title='bbox 204 1297 326 1359; x_wconf 90' lang='lat' dir='ltr'><strong>lualiis</strong></span> <span class='ocrx_word' id='word_1_93' title='bbox 347 1313 476 1377; x_wconf 91' lang='lat' dir='ltr'><strong>quoque</strong></span> <span class='ocrx_word' id='word_1_94' title='bbox 498 1293 597 1355; x_wconf 80' lang='lat' dir='ltr'><strong>ltaliae</strong></span> <span class='ocrx_word' id='word_1_95' title='bbox 624 1292 823 1354; x_wconf 84' lang='lat' dir='ltr'><strong>bibliothecis</strong></span> <span class='ocrx_word' id='word_1_96' title='bbox 849 1310 868 1353; x_wconf 93' lang='lat' dir='ltr'><strong>a</strong></span> <span class='ocrx_word' id='word_1_97' title='bbox 894 1293 1060 1366; x_wconf 86' lang='lat' dir='ltr'><strong>Ouesnello</strong></span> <span class='ocrx_word' id='word_1_98' title='bbox 1088 1293 1224 1369; x_wconf 89' lang='lat' dir='ltr'><strong>intactis,</strong></span> <span class='ocrx_word' id='word_1_99' title='bbox 1254 1314 1325 1375; x_wconf 83' lang='lat' dir='ltr'><strong>quae</strong></span> <span class='ocrx_word' id='word_1_100' title='bbox 1355 1314 1428 1358; x_wconf 90' lang='lat' dir='ltr'><strong>mss.</strong></span> <span class='ocrx_word' id='word_1_101' title='bbox 1467 1296 1701 1377; x_wconf 83' lang='lat' dir='ltr'><strong>exemplaribus</strong></span> <span class='ocrx_word' id='word_1_102' title='bbox 1733 1299 1816 1363; x_wconf 88' lang='lat' dir='ltr'><strong>ccle-</strong></span> 
     </span>
     <span class='ocr_line' id='line_1_11' title="bbox 108 1391 1813 1479; baseline 0.002 -22"><span class='ocrx_word' id='word_1_103' title='bbox 108 1396 231 1459; x_wconf 86' lang='lat' dir='ltr'><strong>briores</strong></span> <span class='ocrx_word' id='word_1_104' title='bbox 257 1393 344 1469; x_wconf 86' lang='lat' dir='ltr'><strong>sunt,</strong></span> <span class='ocrx_word' id='word_1_105' title='bbox 375 1394 530 1456; x_wconf 89' lang='lat' dir='ltr'><strong>Leoninos</strong></span> <span class='ocrx_word' id='word_1_106' title='bbox 559 1391 695 1466; x_wconf 88' lang='lat' dir='ltr'><strong>codices,</strong></span> <span class='ocrx_word' id='word_1_107' title='bbox 724 1391 882 1472; x_wconf 83' lang='lat' dir='ltr'><strong>quotquot</strong></span> <span class='ocrx_word' id='word_1_108' title='bbox 908 1391 1042 1470; x_wconf 87' lang='lat' dir='ltr'><strong>alicujus</strong></span> <span class='ocrx_word' id='word_1_109' title='bbox 1071 1392 1163 1472; x_wconf 91' lang='lat' dir='ltr'><strong>pretii</strong></span> <span class='ocrx_word' id='word_1_110' title='bbox 1192 1392 1346 1467; x_wconf 87' lang='lat' dir='ltr'><strong>novimus,</strong></span> <span class='ocrx_word' id='word_1_111' title='bbox 1384 1394 1449 1456; x_wconf 78' lang='lat' dir='ltr'><strong>sive</strong></span> <span class='ocrx_word' id='word_1_112' title='bbox 1486 1413 1542 1475; x_wconf 92' lang='lat' dir='ltr'><strong>per</strong></span> <span class='ocrx_word' id='word_1_113' title='bbox 1574 1414 1643 1470; x_wconf 90' lang='lat' dir='ltr'><strong>nos,</strong></span> <span class='ocrx_word' id='word_1_114' title='bbox 1667 1393 1733 1461; x_wconf 88' lang='lat' dir='ltr'><strong>aive</strong></span> <span class='ocrx_word' id='word_1_115' title='bbox 1756 1417 1813 1479; x_wconf 85' lang='lat' dir='ltr'><strong>per</strong></span> 
     </span>
     <span class='ocr_line' id='line_1_12' title="bbox 109 1486 1811 1573; baseline 0.002 -17"><span class='ocrx_word' id='word_1_116' title='bbox 109 1495 230 1556; x_wconf 85' lang='lat' dir='ltr'><strong>amicos</strong></span> <span class='ocrx_word' id='word_1_117' title='bbox 262 1491 471 1554; x_wconf 85' lang='lat' dir='ltr'><strong>conterendos</strong></span> <span class='ocrx_word' id='word_1_118' title='bbox 493 1489 683 1552; x_wconf 89' lang='lat' dir='ltr'><strong>curavimus.</strong></span> <span class='ocrx_word' id='word_1_119' title='bbox 712 1486 1055 1568; x_wconf 71' lang='lat' dir='ltr'><strong>Praeter‘exemplaria</strong></span> <span class='ocrx_word' id='word_1_120' title='bbox 1090 1488 1213 1570; x_wconf 87' lang='lat' dir='ltr'><strong>aliquot</strong></span> <span class='ocrx_word' id='word_1_121' title='bbox 1244 1491 1501 1570; x_wconf 72' lang='lat' dir='ltr'><strong>prestantissima</strong></span> <span class='ocrx_word' id='word_1_122' title='bbox 1537 1493 1668 1573; x_wconf 90' lang='lat' dir='ltr'><strong>capituli</strong></span> <span class='ocrx_word' id='word_1_123' title='bbox 1701 1495 1811 1559; x_wconf 87' lang='lat' dir='ltr'><strong>cathe-</strong></span> 
     </span>
     <span class='ocr_line' id='line_1_13' title="bbox 109 1585 1815 1669; baseline 0.002 -15"><span class='ocrx_word' id='word_1_124' title='bbox 109 1593 207 1654; x_wconf 89' lang='lat' dir='ltr'><strong>dralis</strong></span> <span class='ocrx_word' id='word_1_125' title='bbox 230 1590 433 1663; x_wconf 81' lang='lat' dir='ltr'><strong>Veronensis,</strong></span> <span class='ocrx_word' id='word_1_126' title='bbox 457 1608 529 1669; x_wconf 81' lang='lat' dir='ltr'><strong>quae</strong></span> <span class='ocrx_word' id='word_1_127' title='bbox 553 1588 594 1650; x_wconf 95' lang='lat' dir='ltr'><strong>ob</strong></span> <span class='ocrx_word' id='word_1_128' title='bbox 616 1587 773 1667; x_wconf 79' lang='lat' dir='ltr'><strong>insignem</strong></span> <span class='ocrx_word' id='word_1_129' title='bbox 795 1591 983 1648; x_wconf 87' lang='lat' dir='ltr'><strong>vetustatem</strong></span> <span class='ocrx_word' id='word_1_130' title='bbox 1007 1587 1103 1648; x_wconf 90' lang='lat' dir='ltr'><strong>uallis</strong></span> <span class='ocrx_word' id='word_1_131' title='bbox 1140 1585 1210 1649; x_wconf 88' lang='lat' dir='ltr'><strong>aliis</strong></span> <span class='ocrx_word' id='word_1_132' title='bbox 1237 1588 1364 1665; x_wconf 91' lang='lat' dir='ltr'><strong>cedunt,</strong></span> <span class='ocrx_word' id='word_1_133' title='bbox 1393 1590 1530 1652; x_wconf 71' lang='lat' dir='ltr'><strong>venetiis</strong></span> <span class='ocrx_word' id='word_1_134' title='bbox 1558 1589 1591 1652; x_wconf 94' lang='lat' dir='ltr'><strong>in</strong></span> <span class='ocrx_word' id='word_1_135' title='bbox 1619 1591 1815 1657; x_wconf 82' lang='lat' dir='ltr'><strong>bibliotheca</strong></span> 
     </span>
     <span class='ocr_line' id='line_1_14' title="bbox 109 1683 1813 1772; baseline -0.001 -20"><span class='ocrx_word' id='word_1_136' title='bbox 109 1692 142 1753; x_wconf 88' lang='lat' dir='ltr'><strong>S.</strong></span> <span class='ocrx_word' id='word_1_137' title='bbox 167 1689 281 1762; x_wconf 76' lang='lat' dir='ltr'><strong>Marci,</strong></span> <span class='ocrx_word' id='word_1_138' title='bbox 305 1707 377 1769; x_wconf 75' lang='lat' dir='ltr'><strong>quae</strong></span> <span class='ocrx_word' id='word_1_139' title='bbox 393 1686 535 1768; x_wconf 92' lang='lat' dir='ltr'><strong>pluribus</strong></span> <span class='ocrx_word' id='word_1_140' title='bbox 563 1685 678 1748; x_wconf 74' lang='lat' dir='ltr'><strong>arecia</strong></span> <span class='ocrx_word' id='word_1_141' title='bbox 698 1684 879 1764; x_wconf 87' lang='lat' dir='ltr'><strong>Latinisque</strong></span> <span class='ocrx_word' id='word_1_142' title='bbox 894 1683 1054 1747; x_wconf 87' lang='lat' dir='ltr'><strong>codicibus</strong></span> <span class='ocrx_word' id='word_1_143' title='bbox 1081 1684 1322 1748; x_wconf 88' lang='lat' dir='ltr'><strong>instructissima</strong></span> <span class='ocrx_word' id='word_1_144' title='bbox 1344 1693 1403 1762; x_wconf 87' lang='lat' dir='ltr'><strong>est,</strong></span> <span class='ocrx_word' id='word_1_145' title='bbox 1429 1705 1491 1749; x_wconf 91' lang='lat' dir='ltr'><strong>non</strong></span> <span class='ocrx_word' id='word_1_146' title='bbox 1520 1706 1639 1768; x_wconf 85' lang='lat' dir='ltr'><strong>paucos</strong></span> <span class='ocrx_word' id='word_1_147' title='bbox 1660 1690 1706 1751; x_wconf 91' lang='lat' dir='ltr'><strong>rei</strong></span> <span class='ocrx_word' id='word_1_148' title='bbox 1731 1710 1813 1772; x_wconf 82' lang='lat' dir='ltr'><strong>prra-</strong></span> 
     </span>
     <span class='ocr_line' id='line_1_15' title="bbox 109 1781 1811 1867; baseline 0.001 -17"><span class='ocrx_word' id='word_1_149' title='bbox 109 1790 189 1850; x_wconf 90' lang='lat' dir='ltr'><strong>senti</strong></span> <span class='ocrx_word' id='word_1_150' title='bbox 217 1787 313 1849; x_wconf 90' lang='lat' dir='ltr'><strong>utiles</strong></span> <span class='ocrx_word' id='word_1_151' title='bbox 335 1785 477 1847; x_wconf 87' lang='lat' dir='ltr'><strong>invenire</strong></span> <span class='ocrx_word' id='word_1_152' title='bbox 500 1784 597 1858; x_wconf 90' lang='lat' dir='ltr'><strong>licuit,</strong></span> <span class='ocrx_word' id='word_1_153' title='bbox 625 1789 657 1845; x_wconf 89' lang='lat' dir='ltr'><strong>et</strong></span> <span class='ocrx_word' id='word_1_154' title='bbox 686 1782 856 1845; x_wconf 78' lang='lat' dir='ltr'><strong>Antoniam</strong></span> <span class='ocrx_word' id='word_1_155' title='bbox 884 1785 1064 1857; x_wconf 85' lang='lat' dir='ltr'><strong>Zauettum,</strong></span> <span class='ocrx_word' id='word_1_156' title='bbox 1087 1781 1227 1862; x_wconf 87' lang='lat' dir='ltr'><strong>ejusdem</strong></span> <span class='ocrx_word' id='word_1_157' title='bbox 1249 1785 1422 1860; x_wconf 84' lang='lat' dir='ltr'><strong>custodem,</strong></span> <span class='ocrx_word' id='word_1_158' title='bbox 1445 1786 1501 1867; x_wconf 93' lang='lat' dir='ltr'><strong>qui</strong></span> <span class='ocrx_word' id='word_1_159' title='bbox 1521 1786 1668 1854; x_wconf 81' lang='lat' dir='ltr'><strong>omnibus</strong></span> <span class='ocrx_word' id='word_1_160' title='bbox 1688 1789 1811 1861; x_wconf 84' lang='lat' dir='ltr'><strong>studio-</strong></span> 
     </span>
     <span class='ocr_line' id='line_1_16' title="bbox 109 1880 1813 1965; baseline 0 -15"><span class='ocrx_word' id='word_1_161' title='bbox 109 1886 150 1950; x_wconf 82' lang='lat' dir='ltr'><strong>sis</strong></span> <span class='ocrx_word' id='word_1_162' title='bbox 170 1887 314 1948; x_wconf 83' lang='lat' dir='ltr'><strong>tarorem</strong></span> <span class='ocrx_word' id='word_1_163' title='bbox 337 1888 476 1965; x_wconf 74' lang='lat' dir='ltr'><strong>prestat,</strong></span> <span class='ocrx_word' id='word_1_164' title='bbox 499 1883 531 1944; x_wconf 91' lang='lat' dir='ltr'><strong>in</strong></span> <span class='ocrx_word' id='word_1_165' title='bbox 559 1881 673 1944; x_wconf 76' lang='lat' dir='ltr'><strong>Grecis</strong></span> <span class='ocrx_word' id='word_1_166' title='bbox 700 1880 873 1961; x_wconf 74' lang='lat' dir='ltr'><strong>praesertim</strong></span> <span class='ocrx_word' id='word_1_167' title='bbox 902 1880 991 1942; x_wconf 90' lang='lat' dir='ltr'><strong>libris</strong></span> <span class='ocrx_word' id='word_1_168' title='bbox 1017 1880 1191 1944; x_wconf 89' lang='lat' dir='ltr'><strong>recolendis</strong></span> <span class='ocrx_word' id='word_1_169' title='bbox 1219 1882 1435 1963; x_wconf 82' lang='lat' dir='ltr'><strong>coadjutorem</strong></span> <span class='ocrx_word' id='word_1_170' title='bbox 1462 1884 1729 1950; x_wconf 83' lang='lat' dir='ltr'><strong>humanissimum</strong></span> <span class='ocrx_word' id='word_1_171' title='bbox 1757 1907 1813 1956; x_wconf 77' lang='lat' dir='ltr'><strong>ex·</strong></span> 
     </span>
     <span class='ocr_line' id='line_1_17' title="bbox 108 1978 1810 2065; baseline 0.002 -20"><span class='ocrx_word' id='word_1_172' title='bbox 108 1984 189 2065; x_wconf 88' lang='lat' dir='ltr'><strong>perti</strong></span> <span class='ocrx_word' id='word_1_173' title='bbox 209 2001 333 2044; x_wconf 90' lang='lat' dir='ltr'><strong>sumas.</strong></span> <span class='ocrx_word' id='word_1_174' title='bbox 354 1980 476 2043; x_wconf 89' lang='lat' dir='ltr'><strong>Patavii</strong></span> <span class='ocrx_word' id='word_1_175' title='bbox 497 1980 528 2041; x_wconf 91' lang='lat' dir='ltr'><strong>in</strong></span> <span class='ocrx_word' id='word_1_176' title='bbox 551 1978 744 2041; x_wconf 88' lang='lat' dir='ltr'><strong>bibliotheca</strong></span> <span class='ocrx_word' id='word_1_177' title='bbox 768 1981 898 2040; x_wconf 91' lang='lat' dir='ltr'><strong>Patrum</strong></span> <span class='ocrx_word' id='word_1_178' title='bbox 925 1978 1180 2041; x_wconf 81' lang='lat' dir='ltr'><strong>Eremitanorum</strong></span> <span class='ocrx_word' id='word_1_179' title='bbox 1201 1980 1236 2041; x_wconf 90' lang='lat' dir='ltr'><strong>P.</strong></span> <span class='ocrx_word' id='word_1_180' title='bbox 1265 1982 1415 2060; x_wconf 88' lang='lat' dir='ltr'><strong>magister</strong></span> <span class='ocrx_word' id='word_1_181' title='bbox 1438 1983 1594 2046; x_wconf 72' lang='lat' dir='ltr'><strong>batonim</strong></span> <span class='ocrx_word' id='word_1_182' title='bbox 1620 1984 1810 2063; x_wconf 79' lang='lat' dir='ltr'><strong>Menoetius,</strong></span> 
     </span>
     <span class='ocr_line' id='line_1_18' title="bbox 108 2075 1812 2158; baseline 0.002 -14"><span class='ocrx_word' id='word_1_183' title='bbox 108 2082 139 2144; x_wconf 93' lang='lat' dir='ltr'><strong>in</strong></span> <span class='ocrx_word' id='word_1_184' title='bbox 160 2082 195 2144; x_wconf 89' lang='lat' dir='ltr'><strong>S.</strong></span> <span class='ocrx_word' id='word_1_185' title='bbox 218 2081 357 2144; x_wconf 81' lang='lat' dir='ltr'><strong>Justinae</strong></span> <span class='ocrx_word' id='word_1_186' title='bbox 378 2078 605 2158; x_wconf 88' lang='lat' dir='ltr'><strong>monachorum</strong></span> <span class='ocrx_word' id='word_1_187' title='bbox 628 2078 660 2139; x_wconf 90' lang='lat' dir='ltr'><strong>S.</strong></span> <span class='ocrx_word' id='word_1_188' title='bbox 690 2075 851 2138; x_wconf 88' lang='lat' dir='ltr'><strong>Benedicti</strong></span> <span class='ocrx_word' id='word_1_189' title='bbox 871 2076 907 2138; x_wconf 96' lang='lat' dir='ltr'><strong>P.</strong></span> <span class='ocrx_word' id='word_1_190' title='bbox 930 2076 966 2138; x_wconf 86' lang='lat' dir='ltr'><strong>D.</strong></span> <span class='ocrx_word' id='word_1_191' title='bbox 991 2076 1151 2157; x_wconf 87' lang='lat' dir='ltr'><strong>Spiridion</strong></span> <span class='ocrx_word' id='word_1_192' title='bbox 1181 2078 1385 2154; x_wconf 88' lang='lat' dir='ltr'><strong>Peristianus‚</strong></span> <span class='ocrx_word' id='word_1_193' title='bbox 1408 2084 1440 2142; x_wconf 91' lang='lat' dir='ltr'><strong>et</strong></span> <span class='ocrx_word' id='word_1_194' title='bbox 1460 2080 1494 2142; x_wconf 88' lang='lat' dir='ltr'><strong>iu</strong></span> <span class='ocrx_word' id='word_1_195' title='bbox 1524 2082 1652 2144; x_wconf 79' lang='lat' dir='ltr'><strong>Antonii</strong></span> <span class='ocrx_word' id='word_1_196' title='bbox 1683 2085 1812 2147; x_wconf 86' lang='lat' dir='ltr'><strong>Petrum</strong></span> 
     </span>
     <span class='ocr_line' id='line_1_19' title="bbox 106 2173 1811 2258; baseline 0.004 -16"><span class='ocrx_word' id='word_1_197' title='bbox 106 2179 371 2242; x_wconf 77' lang='lat' dir='ltr'><strong>conventualium</strong></span> <span class='ocrx_word' id='word_1_198' title='bbox 393 2177 426 2239; x_wconf 89' lang='lat' dir='ltr'><strong>S.</strong></span> <span class='ocrx_word' id='word_1_199' title='bbox 449 2174 606 2238; x_wconf 84' lang='lat' dir='ltr'><strong>Francisci</strong></span> <span class='ocrx_word' id='word_1_200' title='bbox 627 2177 661 2236; x_wconf 91' lang='grc' dir='ltr'><strong>Ρ.</strong></span> <span class='ocrx_word' id='word_1_201' title='bbox 686 2173 836 2253; x_wconf 86' lang='lat' dir='ltr'><strong>magister</strong></span> <span class='ocrx_word' id='word_1_202' title='bbox 857 2173 1048 2254; x_wconf 85' lang='lat' dir='ltr'><strong>Reginaldus</strong></span> <span class='ocrx_word' id='word_1_203' title='bbox 1076 2174 1204 2238; x_wconf 81' lang='lat' dir='ltr'><strong>Fischer</strong></span> <span class='ocrx_word' id='word_1_204' title='bbox 1224 2175 1348 2239; x_wconf 89' lang='lat' dir='ltr'><strong>codices</strong></span> <span class='ocrx_word' id='word_1_205' title='bbox 1373 2183 1405 2240; x_wconf 89' lang='lat' dir='ltr'><strong>et</strong></span> <span class='ocrx_word' id='word_1_206' title='bbox 1429 2195 1558 2257; x_wconf 90' lang='lat' dir='ltr'><strong>operum</strong></span> <span class='ocrx_word' id='word_1_207' title='bbox 1587 2179 1811 2258; x_wconf 85' lang='lat' dir='ltr'><strong>exhibuerunt.</strong></span> 
     </span>
    </p>
   </div>
   <div class='ocr_carea' id='block_1_4' title="bbox 105 2271 1926 2360">
    <p class='ocr_par' dir='ltr' id='par_1_4' title="bbox 105 2271 1926 2360">
     <span class='ocr_line' id='line_1_20' title="bbox 105 2271 1926 2360; baseline 0.001 -20"><span class='ocrx_word' id='word_1_208' title='bbox 105 2279 150 2340; x_wconf 80' lang='lat' dir='ltr'><strong>Ex</strong></span> <span class='ocrx_word' id='word_1_209' title='bbox 172 2276 290 2357; x_wconf 77' lang='lat' dir='ltr'><strong>insigni</strong></span> <span class='ocrx_word' id='word_1_210' title='bbox 310 2274 504 2337; x_wconf 89' lang='lat' dir='ltr'><strong>monasterio</strong></span> <span class='ocrx_word' id='word_1_211' title='bbox 530 2272 760 2335; x_wconf 91' lang='lat' dir='ltr'><strong>Padilironensi</strong></span> <span class='ocrx_word' id='word_1_212' title='bbox 781 2273 814 2334; x_wconf 90' lang='lat' dir='ltr'><strong>S.</strong></span> <span class='ocrx_word' id='word_1_213' title='bbox 837 2271 996 2333; x_wconf 87' lang='lat' dir='ltr'><strong>Benedicti</strong></span> <span class='ocrx_word' id='word_1_214' title='bbox 1018 2273 1050 2334; x_wconf 93' lang='lat' dir='ltr'><strong>in</strong></span> <span class='ocrx_word' id='word_1_215' title='bbox 1073 2290 1150 2352; x_wconf 89' lang='lat' dir='ltr'><strong>agro</strong></span> <span class='ocrx_word' id='word_1_216' title='bbox 1181 2274 1353 2338; x_wconf 85' lang='lat' dir='ltr'><strong>Mantuano</strong></span> <span class='ocrx_word' id='word_1_217' title='bbox 1374 2276 1410 2337; x_wconf 93' lang='grc' dir='ltr'><strong>Ρ.</strong></span> <span class='ocrx_word' id='word_1_218' title='bbox 1434 2278 1471 2338; x_wconf 86' lang='lat' dir='ltr'><strong>D.</strong></span> <span class='ocrx_word' id='word_1_219' title='bbox 1494 2278 1633 2340; x_wconf 84' lang='lat' dir='ltr'><strong>loannes</strong></span> <span class='ocrx_word' id='word_1_220' title='bbox 1661 2279 1811 2360; x_wconf 76' lang='lat' dir='ltr'><strong>Augusti·</strong></span> <span class='ocrx_word' id='word_1_221' title='bbox 1920 2344 1926 2350; x_wconf 77' lang='grc'>,</span> 
     </span>
    </p>
   </div>
   <div class='ocr_carea' id='block_1_5' title="bbox 100 2368 1834 5674">
    <p class='ocr_par' dir='ltr' id='par_1_5' title="bbox 100 2368 1823 3437">
     <span class='ocr_line' id='line_1_21' title="bbox 106 2368 1823 2452; baseline -0.002 -15"><span class='ocrx_word' id='word_1_222' title='bbox 106 2395 167 2437; x_wconf 91' lang='lat' dir='ltr'><strong>nas</strong></span> <span class='ocrx_word' id='word_1_223' title='bbox 188 2372 386 2437; x_wconf 82' lang='lat' dir='ltr'><strong>Gredonicus</strong></span> <span class='ocrx_word' id='word_1_224' title='bbox 415 2371 559 2434; x_wconf 91' lang='lat' dir='ltr'><strong>codicum</strong></span> <span class='ocrx_word' id='word_1_225' title='bbox 581 2369 740 2433; x_wconf 84' lang='lat' dir='ltr'><strong>variantes</strong></span> <span class='ocrx_word' id='word_1_226' title='bbox 770 2388 834 2430; x_wconf 93' lang='lat' dir='ltr'><strong>non</strong></span> <span class='ocrx_word' id='word_1_227' title='bbox 865 2368 979 2448; x_wconf 85' lang='lat' dir='ltr'><strong>exiguo</strong></span> <span class='ocrx_word' id='word_1_228' title='bbox 1009 2368 1118 2430; x_wconf 91' lang='lat' dir='ltr'><strong>labore</strong></span> <span class='ocrx_word' id='word_1_229' title='bbox 1149 2369 1298 2432; x_wconf 88' lang='lat' dir='ltr'><strong>collectas</strong></span> <span class='ocrx_word' id='word_1_230' title='bbox 1329 2371 1512 2435; x_wconf 84' lang='lat' dir='ltr'><strong>transmisit.</strong></span> <span class='ocrx_word' id='word_1_231' title='bbox 1544 2373 1714 2452; x_wconf 66' lang='lat' dir='ltr'><strong>Florentia</strong></span> <span class='ocrx_word' id='word_1_232' title='bbox 1742 2382 1823 2442; x_wconf 77' lang='lat' dir='ltr'><strong>tum:</strong></span> 
     </span>
     <span class='ocr_line' id='line_1_22' title="bbox 103 2466 1811 2554; baseline -0.002 -18"><span class='ocrx_word' id='word_1_233' title='bbox 103 2474 137 2536; x_wconf 91' lang='lat' dir='ltr'><strong>in</strong></span> <span class='ocrx_word' id='word_1_234' title='bbox 154 2471 354 2536; x_wconf 88' lang='lat' dir='ltr'><strong>bibliotheca</strong></span> <span class='ocrx_word' id='word_1_235' title='bbox 375 2472 409 2532; x_wconf 88' lang='lat' dir='ltr'><strong>S.</strong></span> <span class='ocrx_word' id='word_1_236' title='bbox 431 2469 540 2544; x_wconf 86' lang='lat' dir='ltr'><strong>Marci,</strong></span> <span class='ocrx_word' id='word_1_237' title='bbox 573 2468 694 2531; x_wconf 88' lang='lat' dir='ltr'><strong>tamin</strong></span> <span class='ocrx_word' id='word_1_238' title='bbox 716 2466 927 2530; x_wconf 80' lang='lat' dir='ltr'><strong>Laurentiano</strong></span> <span class='ocrx_word' id='word_1_239' title='bbox 955 2466 1096 2528; x_wconf 87' lang='lat' dir='ltr'><strong>Medicca</strong></span> <span class='ocrx_word' id='word_1_240' title='bbox 1126 2468 1261 2529; x_wconf 90' lang='lat' dir='ltr'><strong>multum</strong></span> <span class='ocrx_word' id='word_1_241' title='bbox 1292 2469 1442 2531; x_wconf 90' lang='lat' dir='ltr'><strong>debemus</strong></span> <span class='ocrx_word' id='word_1_242' title='bbox 1462 2471 1498 2529; x_wconf 89' lang='lat' dir='ltr'><strong>P.</strong></span> <span class='ocrx_word' id='word_1_243' title='bbox 1521 2470 1636 2533; x_wconf 88' lang='lat' dir='ltr'><strong>lectori</strong></span> <span class='ocrx_word' id='word_1_244' title='bbox 1662 2472 1811 2554; x_wconf 85' lang='lat' dir='ltr'><strong>Philippo</strong></span> 
     </span>
     <span class='ocr_line' id='line_1_23' title="bbox 104 2561 1811 2649; baseline -0.001 -13"><span class='ocrx_word' id='word_1_245' title='bbox 104 2573 209 2635; x_wconf 71' lang='lat' dir='ltr'><strong>Hariae</strong></span> <span class='ocrx_word' id='word_1_246' title='bbox 233 2573 369 2642; x_wconf 89' lang='lat' dir='ltr'><strong>Sereno,</strong></span> <span class='ocrx_word' id='word_1_247' title='bbox 393 2568 447 2649; x_wconf 89' lang='lat' dir='ltr'><strong>qui</strong></span> <span class='ocrx_word' id='word_1_248' title='bbox 468 2567 531 2629; x_wconf 91' lang='lat' dir='ltr'><strong>alia</strong></span> <span class='ocrx_word' id='word_1_249' title='bbox 551 2561 694 2641; x_wconf 88' lang='lat' dir='ltr'><strong>contulit,</strong></span> <span class='ocrx_word' id='word_1_250' title='bbox 719 2565 781 2626; x_wconf 91' lang='lat' dir='ltr'><strong>alia</strong></span> <span class='ocrx_word' id='word_1_251' title='bbox 811 2566 906 2626; x_wconf 89' lang='lat' dir='ltr'><strong>etiam</strong></span> <span class='ocrx_word' id='word_1_252' title='bbox 928 2564 1104 2645; x_wconf 85' lang='lat' dir='ltr'><strong>exscripsit.</strong></span> <span class='ocrx_word' id='word_1_253' title='bbox 1126 2565 1258 2640; x_wconf 83' lang='lat' dir='ltr'><strong>Fesulis,</strong></span> <span class='ocrx_word' id='word_1_254' title='bbox 1280 2585 1352 2646; x_wconf 78' lang='lat' dir='ltr'><strong>que</strong></span> <span class='ocrx_word' id='word_1_255' title='bbox 1382 2584 1462 2647; x_wconf 89' lang='lat' dir='ltr'><strong>opus</strong></span> <span class='ocrx_word' id='word_1_256' title='bbox 1496 2572 1598 2643; x_wconf 85' lang='lat' dir='ltr'><strong>eraut,</strong></span> <span class='ocrx_word' id='word_1_257' title='bbox 1630 2572 1811 2649; x_wconf 86' lang='lat' dir='ltr'><strong>procurarit</strong></span> 
     </span>
     <span class='ocr_line' id='line_1_24' title="bbox 103 2662 1810 2745; baseline -0.002 -13"><span class='ocrx_word' id='word_1_258' title='bbox 103 2667 331 2731; x_wconf 77' lang='lat' dir='ltr'><strong>Phlcxander</strong></span> <span class='ocrx_word' id='word_1_259' title='bbox 351 2664 556 2745; x_wconf 86' lang='lat' dir='ltr'><strong>Chiappinus,</strong></span> <span class='ocrx_word' id='word_1_260' title='bbox 579 2662 677 2724; x_wconf 90' lang='lat' dir='ltr'><strong>abbas</strong></span> <span class='ocrx_word' id='word_1_261' title='bbox 698 2662 853 2741; x_wconf 88' lang='lat' dir='ltr'><strong>generalis</strong></span> <span class='ocrx_word' id='word_1_262' title='bbox 879 2662 1102 2723; x_wconf 88' lang='lat' dir='ltr'><strong>canonicorum</strong></span> <span class='ocrx_word' id='word_1_263' title='bbox 1126 2662 1399 2737; x_wconf 80' lang='lat' dir='ltr'><strong>lateranensium,</strong></span> <span class='ocrx_word' id='word_1_264' title='bbox 1422 2663 1477 2743; x_wconf 91' lang='lat' dir='ltr'><strong>qui</strong></span> <span class='ocrx_word' id='word_1_265' title='bbox 1507 2665 1687 2745; x_wconf 82' lang='lat' dir='ltr'><strong>nuperrime</strong></span> <span class='ocrx_word' id='word_1_266' title='bbox 1718 2667 1810 2734; x_wconf 81' lang='lat' dir='ltr'><strong>obiit.</strong></span> 
     </span>
     <span class='ocr_line' id='line_1_25' title="bbox 102 2760 1820 2839; baseline -0.005 -9"><span class='ocrx_word' id='word_1_267' title='bbox 102 2766 211 2839; x_wconf 82' lang='lat' dir='ltr'><strong>Quoad</strong></span> <span class='ocrx_word' id='word_1_268' title='bbox 233 2783 312 2826; x_wconf 90' lang='lat' dir='ltr'><strong>mss.</strong></span> <span class='ocrx_word' id='word_1_269' title='bbox 343 2761 458 2824; x_wconf 89' lang='lat' dir='ltr'><strong>bloutis</strong></span> <span class='ocrx_word' id='word_1_270' title='bbox 489 2760 603 2836; x_wconf 85' lang='lat' dir='ltr'><strong>Casini,</strong></span> <span class='ocrx_word' id='word_1_271' title='bbox 636 2777 786 2838; x_wconf 89' lang='lat' dir='ltr'><strong>magnum</strong></span> <span class='ocrx_word' id='word_1_272' title='bbox 818 2763 987 2838; x_wconf 88' lang='lat' dir='ltr'><strong>patronum</strong></span> <span class='ocrx_word' id='word_1_273' title='bbox 1019 2760 1140 2839; x_wconf 85' lang='lat' dir='ltr'><strong>experti</strong></span> <span class='ocrx_word' id='word_1_274' title='bbox 1167 2779 1276 2821; x_wconf 92' lang='lat' dir='ltr'><strong>samus</strong></span> <span class='ocrx_word' id='word_1_275' title='bbox 1300 2761 1583 2824; x_wconf 90' lang='lat' dir='ltr'><strong>eminentissimum</strong></span> <span class='ocrx_word' id='word_1_276' title='bbox 1616 2764 1820 2830; x_wconf 84' lang='lat' dir='ltr'><strong>cardinalem.</strong></span> 
     </span>
     <span class='ocr_line' id='line_1_26' title="bbox 100 2855 1811 2944; baseline -0.004 -17"><span class='ocrx_word' id='word_1_277' title='bbox 100 2864 348 2934; x_wconf 71' lang='lat' dir='ltr'><strong>sambutinum,</strong></span> <span class='ocrx_word' id='word_1_278' title='bbox 380 2859 419 2922; x_wconf 91' lang='lat' dir='ltr'><strong>de</strong></span> <span class='ocrx_word' id='word_1_279' title='bbox 450 2858 540 2939; x_wconf 90' lang='lat' dir='ltr'><strong>cujus</strong></span> <span class='ocrx_word' id='word_1_280' title='bbox 571 2858 704 2919; x_wconf 90' lang='lat' dir='ltr'><strong>mirilico</strong></span> <span class='ocrx_word' id='word_1_281' title='bbox 735 2856 829 2936; x_wconf 89' lang='lat' dir='ltr'><strong>plene</strong></span> <span class='ocrx_word' id='word_1_282' title='bbox 858 2857 965 2917; x_wconf 86' lang='lat' dir='ltr'><strong>lavore</strong></span> <span class='ocrx_word' id='word_1_283' title='bbox 995 2855 1162 2936; x_wconf 89' lang='lat' dir='ltr'><strong>peculiaris</strong></span> <span class='ocrx_word' id='word_1_284' title='bbox 1193 2857 1307 2919; x_wconf 84' lang='lat' dir='ltr'><strong>redibit</strong></span> <span class='ocrx_word' id='word_1_285' title='bbox 1338 2858 1456 2921; x_wconf 87' lang='lat' dir='ltr'><strong>mentio</strong></span> <span class='ocrx_word' id='word_1_286' title='bbox 1486 2859 1520 2920; x_wconf 89' lang='lat' dir='ltr'><strong>iu</strong></span> <span class='ocrx_word' id='word_1_287' title='bbox 1551 2861 1740 2944; x_wconf 73' lang='lat' dir='ltr'><strong>prelatione</strong></span> <span class='ocrx_word' id='word_1_288' title='bbox 1768 2865 1811 2930; x_wconf 83' lang='lat' dir='ltr'><strong>ad</strong></span> 
     </span>
     <span class='ocr_line' id='line_1_27' title="bbox 102 2953 1810 3035; baseline -0.008 -8"><span class='ocrx_word' id='word_1_289' title='bbox 102 2980 277 3035; x_wconf 72' lang='lat' dir='ltr'><strong>mones,</strong></span> <span class='ocrx_word' id='word_1_290' title='bbox 301 2977 391 3021; x_wconf 92' lang='lat' dir='ltr'><strong>num.</strong></span> <span class='ocrx_word' id='word_1_291' title='bbox 415 2959 464 3019; x_wconf 81' lang='lat' dir='ltr'><strong>to.</strong></span> <span class='ocrx_word' id='word_1_292' title='bbox 488 2960 687 3019; x_wconf 87' lang='lat' dir='ltr'><strong>Lucanorum</strong></span> <span class='ocrx_word' id='word_1_293' title='bbox 709 2954 851 3016; x_wconf 91' lang='lat' dir='ltr'><strong>codicum</strong></span> <span class='ocrx_word' id='word_1_294' title='bbox 883 2953 1083 3015; x_wconf 91' lang='lat' dir='ltr'><strong>collationem</strong></span> <span class='ocrx_word' id='word_1_295' title='bbox 1114 2961 1226 3034; x_wconf 92' lang='lat' dir='ltr'><strong>sponte</strong></span> <span class='ocrx_word' id='word_1_296' title='bbox 1257 2954 1372 3018; x_wconf 87' lang='lat' dir='ltr'><strong>obtulit</strong></span> <span class='ocrx_word' id='word_1_297' title='bbox 1392 2958 1427 3018; x_wconf 92' lang='lat' dir='ltr'><strong>P.</strong></span> <span class='ocrx_word' id='word_1_298' title='bbox 1458 2958 1598 3020; x_wconf 86' lang='lat' dir='ltr'><strong>loannes</strong></span> <span class='ocrx_word' id='word_1_299' title='bbox 1628 2960 1810 3025; x_wconf 62' lang='lat' dir='ltr'><strong>hominium</strong></span> 
     </span>
     <span class='ocr_line' id='line_1_28' title="bbox 102 3039 1808 3139; baseline -0.011 -13"><span class='ocrx_word' id='word_1_300' title='bbox 102 3062 255 3138; x_wconf 70' lang='lat' dir='ltr'><strong>bursius,</strong></span> <span class='ocrx_word' id='word_1_301' title='bbox 278 3059 311 3122; x_wconf 91' lang='lat' dir='ltr'><strong>in</strong></span> <span class='ocrx_word' id='word_1_302' title='bbox 334 3055 471 3139; x_wconf 90' lang='lat' dir='ltr'><strong>antiquis</strong></span> <span class='ocrx_word' id='word_1_303' title='bbox 493 3073 567 3117; x_wconf 91' lang='lat' dir='ltr'><strong>mss.</strong></span> <span class='ocrx_word' id='word_1_304' title='bbox 590 3052 831 3127; x_wconf 85' lang='lat' dir='ltr'><strong>versatissimus,</strong></span> <span class='ocrx_word' id='word_1_305' title='bbox 855 3057 886 3114; x_wconf 92' lang='lat' dir='ltr'><strong>et</strong></span> <span class='ocrx_word' id='word_1_306' title='bbox 908 3050 1052 3131; x_wconf 89' lang='lat' dir='ltr'><strong>pluribus</strong></span> <span class='ocrx_word' id='word_1_307' title='bbox 1072 3051 1164 3114; x_wconf 89' lang='lat' dir='ltr'><strong>editis</strong></span> <span class='ocrx_word' id='word_1_308' title='bbox 1194 3051 1390 3135; x_wconf 82' lang='lat' dir='ltr'><strong>documentis</strong></span> <span class='ocrx_word' id='word_1_309' title='bbox 1416 3070 1453 3117; x_wconf 90' lang='lat' dir='ltr'><strong>uc</strong></span> <span class='ocrx_word' id='word_1_310' title='bbox 1478 3054 1573 3117; x_wconf 88' lang='lat' dir='ltr'><strong>tomis</strong></span> <span class='ocrx_word' id='word_1_311' title='bbox 1599 3061 1704 3121; x_wconf 88' lang='lat' dir='ltr'><strong>notus.</strong></span> <span class='ocrx_word' id='word_1_312' title='bbox 1730 3039 1808 3123; x_wconf 75' lang='lat' dir='ltr'><strong>Iler.</strong></span> 
     </span>
     <span class='ocr_line' id='line_1_29' title="bbox 106 3149 1810 3242; baseline -0.006 -15"><span class='ocrx_word' id='word_1_313' title='bbox 106 3163 194 3242; x_wconf 86' lang='lat' dir='ltr'><strong>gomi</strong></span> <span class='ocrx_word' id='word_1_314' title='bbox 215 3178 313 3242; x_wconf 87' lang='lat' dir='ltr'><strong>opem</strong></span> <span class='ocrx_word' id='word_1_315' title='bbox 336 3157 409 3219; x_wconf 92' lang='lat' dir='ltr'><strong>tulit</strong></span> <span class='ocrx_word' id='word_1_316' title='bbox 429 3154 636 3217; x_wconf 89' lang='lat' dir='ltr'><strong>amicissimus</strong></span> <span class='ocrx_word' id='word_1_317' title='bbox 658 3157 766 3215; x_wconf 90' lang='lat' dir='ltr'><strong>noster</strong></span> <span class='ocrx_word' id='word_1_318' title='bbox 785 3153 822 3214; x_wconf 95' lang='lat' dir='ltr'><strong>P.</strong></span> <span class='ocrx_word' id='word_1_319' title='bbox 845 3149 1042 3231; x_wconf 85' lang='lat' dir='ltr'><strong>Hyacinthus</strong></span> <span class='ocrx_word' id='word_1_320' title='bbox 1061 3150 1145 3225; x_wconf 88' lang='lat' dir='ltr'><strong>Sala,</strong></span> <span class='ocrx_word' id='word_1_321' title='bbox 1172 3150 1291 3213; x_wconf 92' lang='lat' dir='ltr'><strong>ordinis</strong></span> <span class='ocrx_word' id='word_1_322' title='bbox 1312 3151 1569 3229; x_wconf 80' lang='lat' dir='ltr'><strong>Praedicatorum,</strong></span> <span class='ocrx_word' id='word_1_323' title='bbox 1592 3154 1626 3215; x_wconf 92' lang='lat' dir='ltr'><strong>ln</strong></span> <span class='ocrx_word' id='word_1_324' title='bbox 1647 3156 1810 3222; x_wconf 87' lang='lat' dir='ltr'><strong>academia</strong></span> 
     </span>
     <span class='ocr_line' id='line_1_30' title="bbox 102 3248 1809 3337; baseline -0.007 -13"><span class='ocrx_word' id='word_1_325' title='bbox 102 3258 294 3323; x_wconf 67' lang='lat' dir='ltr'><strong>’lamneusi</strong></span> <span class='ocrx_word' id='word_1_326' title='bbox 316 3254 460 3337; x_wconf 90' lang='lat' dir='ltr'><strong>publicus</strong></span> <span class='ocrx_word' id='word_1_327' title='bbox 481 3251 648 3332; x_wconf 76' lang='lat' dir='ltr'><strong>theologias</strong></span> <span class='ocrx_word' id='word_1_328' title='bbox 669 3250 838 3331; x_wconf 80' lang='lat' dir='ltr'><strong>professor.</strong></span> <span class='ocrx_word' id='word_1_329' title='bbox 862 3249 932 3310; x_wconf 82' lang='lat' dir='ltr'><strong>Alia</strong></span> <span class='ocrx_word' id='word_1_330' title='bbox 953 3248 1093 3310; x_wconf 89' lang='lat' dir='ltr'><strong>subsidia</strong></span> <span class='ocrx_word' id='word_1_331' title='bbox 1114 3267 1171 3330; x_wconf 89' lang='lat' dir='ltr'><strong>per</strong></span> <span class='ocrx_word' id='word_1_332' title='bbox 1191 3248 1270 3310; x_wconf 90' lang='lat' dir='ltr'><strong>alios</strong></span> <span class='ocrx_word' id='word_1_333' title='bbox 1291 3248 1471 3325; x_wconf 84' lang='lat' dir='ltr'><strong>Mediolani,</strong></span> <span class='ocrx_word' id='word_1_334' title='bbox 1494 3249 1648 3327; x_wconf 83' lang='lat' dir='ltr'><strong>Tridenti,</strong></span> <span class='ocrx_word' id='word_1_335' title='bbox 1676 3255 1809 3319; x_wconf 83' lang='lat' dir='ltr'><strong>Taurini</strong></span> 
     </span>
     <span class='ocr_line' id='line_1_31' title="bbox 101 3354 534 3437; baseline -0.025 -16"><span class='ocrx_word' id='word_1_336' title='bbox 101 3357 234 3429; x_wconf 57' lang='lat' dir='ltr'><strong>caelibi</strong></span> <span class='ocrx_word' id='word_1_337' title='bbox 255 3360 375 3437; x_wconf 77' lang='lat' dir='ltr'><strong>praesto</strong></span> <span class='ocrx_word' id='word_1_338' title='bbox 396 3354 534 3414; x_wconf 88' lang='lat' dir='ltr'><strong>luerunt.</strong></span> 
     </span>
    </p>

    <p class='ocr_par' dir='ltr' id='par_1_6' title="bbox 103 3443 1834 5482">
     <span class='ocr_line' id='line_1_32' title="bbox 135 3443 1829 3527; baseline -0.017 -7"><span class='ocrx_word' id='word_1_339' title='bbox 135 3458 192 3520; x_wconf 79' lang='lat' dir='ltr'><strong>Vl.</strong></span> <span class='ocrx_word' id='word_1_340' title='bbox 217 3458 318 3517; x_wconf 82' lang='lat' dir='ltr'><strong>Extra</strong></span> <span class='ocrx_word' id='word_1_341' title='bbox 338 3450 461 3515; x_wconf 85' lang='lat' dir='ltr'><strong>ltaliam</strong></span> <span class='ocrx_word' id='word_1_342' title='bbox 483 3449 577 3512; x_wconf 85' lang='lat' dir='ltr'><strong>etiam</strong></span> <span class='ocrx_word' id='word_1_343' title='bbox 600 3446 794 3527; x_wconf 91' lang='lat' dir='ltr'><strong>diligentiam</strong></span> <span class='ocrx_word' id='word_1_344' title='bbox 818 3445 1026 3521; x_wconf 82' lang='lat' dir='ltr'><strong>extendimus,</strong></span> <span class='ocrx_word' id='word_1_345' title='bbox 1056 3443 1204 3506; x_wconf 90' lang='lat' dir='ltr'><strong>nimirum</strong></span> <span class='ocrx_word' id='word_1_346' title='bbox 1235 3444 1267 3507; x_wconf 91' lang='lat' dir='ltr'><strong>iu</strong></span> <span class='ocrx_word' id='word_1_347' title='bbox 1290 3444 1497 3507; x_wconf 89' lang='lat' dir='ltr'><strong>bibliothecas</strong></span> <span class='ocrx_word' id='word_1_348' title='bbox 1525 3448 1701 3511; x_wconf 76' lang='lat' dir='ltr'><strong>Caesaream</strong></span> <span class='ocrx_word' id='word_1_349' title='bbox 1732 3450 1829 3515; x_wconf 60' lang='lat' dir='ltr'><strong>Via„</strong></span> 
     </span>
     <span class='ocr_line' id='line_1_33' title="bbox 103 3541 1807 3627; baseline -0.013 -8"><span class='ocrx_word' id='word_1_350' title='bbox 103 3558 320 3621; x_wconf 85' lang='lat' dir='ltr'><strong>debonensem</strong></span> <span class='ocrx_word' id='word_1_351' title='bbox 353 3555 386 3612; x_wconf 91' lang='lat' dir='ltr'><strong>et</strong></span> <span class='ocrx_word' id='word_1_352' title='bbox 415 3547 673 3627; x_wconf 81' lang='lat' dir='ltr'><strong>Rutisponenscm</strong></span> <span class='ocrx_word' id='word_1_353' title='bbox 705 3545 737 3605; x_wconf 89' lang='lat' dir='ltr'><strong>S.</strong></span> <span class='ocrx_word' id='word_1_354' title='bbox 771 3542 975 3627; x_wconf 81' lang='lat' dir='ltr'><strong>Emmerumi.</strong></span> <span class='ocrx_word' id='word_1_355' title='bbox 1007 3543 1031 3602; x_wconf 88' lang='grc' dir='ltr'>Ε</span> <span class='ocrx_word' id='word_1_356' title='bbox 1060 3541 1251 3603; x_wconf 89' lang='lat' dir='ltr'><strong>bibliotheca</strong></span> <span class='ocrx_word' id='word_1_357' title='bbox 1288 3541 1440 3614; x_wconf 74' lang='lat' dir='ltr'><strong>Caesarea,</strong></span> <span class='ocrx_word' id='word_1_358' title='bbox 1482 3541 1574 3621; x_wconf 89' lang='lat' dir='ltr'><strong>cujus</strong></span> <span class='ocrx_word' id='word_1_359' title='bbox 1602 3563 1677 3607; x_wconf 80' lang='lat' dir='ltr'><strong>mss,</strong></span> <span class='ocrx_word' id='word_1_360' title='bbox 1709 3547 1807 3611; x_wconf 64' lang='lat' dir='ltr'><strong>libros</strong></span> 
     </span>
     <span class='ocr_line' id='line_1_34' title="bbox 104 3638 1807 3725; baseline -0.017 -6"><span class='ocrx_word' id='word_1_361' title='bbox 104 3655 211 3719; x_wconf 82' lang='lat' dir='ltr'><strong>Gallus</strong></span> <span class='ocrx_word' id='word_1_362' title='bbox 232 3650 339 3714; x_wconf 87' lang='lat' dir='ltr'><strong>editor</strong></span> <span class='ocrx_word' id='word_1_363' title='bbox 359 3648 476 3709; x_wconf 84' lang='lat' dir='ltr'><strong>trustra</strong></span> <span class='ocrx_word' id='word_1_364' title='bbox 497 3642 652 3724; x_wconf 85' lang='lat' dir='ltr'><strong>quaesirit,</strong></span> <span class='ocrx_word' id='word_1_365' title='bbox 683 3641 818 3702; x_wconf 92' lang='lat' dir='ltr'><strong>duorum</strong></span> <span class='ocrx_word' id='word_1_366' title='bbox 848 3638 1179 3721; x_wconf 74' lang='lat' dir='ltr'><strong>praestantissimorum</strong></span> <span class='ocrx_word' id='word_1_367' title='bbox 1210 3638 1438 3718; x_wconf 82' lang='lat' dir='ltr'><strong>exemplarium</strong></span> <span class='ocrx_word' id='word_1_368' title='bbox 1471 3638 1664 3703; x_wconf 88' lang='lat' dir='ltr'><strong>collectionis</strong></span> <span class='ocrx_word' id='word_1_369' title='bbox 1694 3642 1807 3725; x_wconf 55' lang='lat' dir='ltr'><strong>Hispa.</strong></span> 
     </span>
     <span class='ocr_line' id='line_1_35' title="bbox 104 3734 1809 3821; baseline -0.005 -7"><span class='ocrx_word' id='word_1_370' title='bbox 104 3754 178 3814; x_wconf 81' lang='lat' dir='ltr'><strong>nicue</strong></span> <span class='ocrx_word' id='word_1_371' title='bbox 204 3755 236 3811; x_wconf 89' lang='lat' dir='ltr'><strong>et</strong></span> <span class='ocrx_word' id='word_1_372' title='bbox 258 3744 489 3821; x_wconf 84' lang='lat' dir='ltr'><strong>Quesncllianae</strong></span> <span class='ocrx_word' id='word_1_373' title='bbox 511 3739 710 3803; x_wconf 90' lang='lat' dir='ltr'><strong>collationem</strong></span> <span class='ocrx_word' id='word_1_374' title='bbox 733 3757 829 3819; x_wconf 90' lang='lat' dir='ltr'><strong>quam</strong></span> <span class='ocrx_word' id='word_1_375' title='bbox 851 3736 1121 3817; x_wconf 87' lang='lat' dir='ltr'><strong>diligentissimam</strong></span> <span class='ocrx_word' id='word_1_376' title='bbox 1144 3734 1232 3796; x_wconf 92' lang='lat' dir='ltr'><strong>nullo</strong></span> <span class='ocrx_word' id='word_1_377' title='bbox 1254 3735 1395 3815; x_wconf 89' lang='lat' dir='ltr'><strong>sumptui</strong></span> <span class='ocrx_word' id='word_1_378' title='bbox 1416 3740 1581 3815; x_wconf 83' lang='lat' dir='ltr'><strong>parcentes</strong></span> <span class='ocrx_word' id='word_1_379' title='bbox 1602 3737 1693 3800; x_wconf 89' lang='lat' dir='ltr'><strong>nobis</strong></span> <span class='ocrx_word' id='word_1_380' title='bbox 1724 3757 1809 3807; x_wconf 87' lang='lat' dir='ltr'><strong>com-</strong></span> 
     </span>
     <span class='ocr_line' id='line_1_36' title="bbox 105 3832 1808 3932; baseline -0.011 -21"><span class='ocrx_word' id='word_1_381' title='bbox 105 3849 299 3932; x_wconf 77' lang='lat' dir='ltr'><strong>pensitam.</strong></span> <span class='ocrx_word' id='word_1_382' title='bbox 323 3845 358 3906; x_wconf 93' lang='lat' dir='ltr'><strong>ln</strong></span> <span class='ocrx_word' id='word_1_383' title='bbox 380 3837 600 3921; x_wconf 85' lang='lat' dir='ltr'><strong>Ratisponcnsi</strong></span> <span class='ocrx_word' id='word_1_384' title='bbox 621 3854 695 3899; x_wconf 84' lang='lat' dir='ltr'><strong>vero</strong></span> <span class='ocrx_word' id='word_1_385' title='bbox 717 3835 835 3898; x_wconf 86' lang='lat' dir='ltr'><strong>serrari</strong></span> <span class='ocrx_word' id='word_1_386' title='bbox 856 3833 1006 3897; x_wconf 86' lang='lat' dir='ltr'><strong>eximium</strong></span> <span class='ocrx_word' id='word_1_387' title='bbox 1029 3852 1156 3915; x_wconf 89' lang='lat' dir='ltr'><strong>prorsus</strong></span> <span class='ocrx_word' id='word_1_388' title='bbox 1177 3838 1208 3895; x_wconf 94' lang='lat' dir='ltr'><strong>et</strong></span> <span class='ocrx_word' id='word_1_389' title='bbox 1228 3832 1419 3914; x_wconf 79' lang='lat' dir='ltr'><strong>singularem</strong></span> <span class='ocrx_word' id='word_1_390' title='bbox 1435 3833 1576 3896; x_wconf 89' lang='lat' dir='ltr'><strong>codicem</strong></span> <span class='ocrx_word' id='word_1_391' title='bbox 1596 3835 1808 3916; x_wconf 81' lang='lat' dir='ltr'><strong>Epistolarum</strong></span> 
     </span>
     <span class='ocr_line' id='line_1_37' title="bbox 108 3931 1809 4016; baseline -0.011 -4"><span class='ocrx_word' id='word_1_392' title='bbox 108 3951 136 4011; x_wconf 93' lang='lat' dir='ltr'><strong>S.</strong></span> <span class='ocrx_word' id='word_1_393' title='bbox 156 3945 288 4016; x_wconf 85' lang='lat' dir='ltr'><strong>Leonis,</strong></span> <span class='ocrx_word' id='word_1_394' title='bbox 311 3941 414 4004; x_wconf 90' lang='lat' dir='ltr'><strong>eidem</strong></span> <span class='ocrx_word' id='word_1_395' title='bbox 436 3937 635 3999; x_wconf 82' lang='lat' dir='ltr'><strong>bibliothecae</strong></span> <span class='ocrx_word' id='word_1_396' title='bbox 656 3954 715 4015; x_wconf 89' lang='lat' dir='ltr'><strong>pro</strong></span> <span class='ocrx_word' id='word_1_397' title='bbox 745 3936 868 3995; x_wconf 80' lang='lat' dir='ltr'><strong>Tutone</strong></span> <span class='ocrx_word' id='word_1_398' title='bbox 899 3931 1046 4012; x_wconf 89' lang='lat' dir='ltr'><strong>episcopo</strong></span> <span class='ocrx_word' id='word_1_399' title='bbox 1068 3931 1152 3993; x_wconf 91' lang='lat' dir='ltr'><strong>dono</strong></span> <span class='ocrx_word' id='word_1_400' title='bbox 1182 3931 1290 3992; x_wconf 90' lang='lat' dir='ltr'><strong>datum</strong></span> <span class='ocrx_word' id='word_1_401' title='bbox 1322 3938 1456 3995; x_wconf 83' lang='lat' dir='ltr'><strong>exeunte</strong></span> <span class='ocrx_word' id='word_1_402' title='bbox 1486 3932 1601 4013; x_wconf 83' lang='lat' dir='ltr'><strong>saeculo</strong></span> <span class='ocrx_word' id='word_1_403' title='bbox 1633 3952 1729 4012; x_wconf 89' lang='lat' dir='ltr'><strong>nono,</strong></span> <span class='ocrx_word' id='word_1_404' title='bbox 1760 3937 1809 3999; x_wconf 89' lang='lat' dir='ltr'><strong>vel</strong></span> 
     </span>
     <span class='ocr_line' id='line_1_38' title="bbox 110 4029 1810 4118; baseline -0.006 -12"><span class='ocrx_word' id='word_1_405' title='bbox 110 4047 225 4109; x_wconf 87' lang='lat' dir='ltr'><strong>decimo</strong></span> <span class='ocrx_word' id='word_1_406' title='bbox 249 4043 393 4113; x_wconf 90' lang='lat' dir='ltr'><strong>ineunte,</strong></span> <span class='ocrx_word' id='word_1_407' title='bbox 417 4034 598 4118; x_wconf 89' lang='lat' dir='ltr'><strong>prodiderat</strong></span> <span class='ocrx_word' id='word_1_408' title='bbox 617 4035 653 4095; x_wconf 95' lang='lat' dir='ltr'><strong>P.</strong></span> <span class='ocrx_word' id='word_1_409' title='bbox 669 4031 848 4094; x_wconf 88' lang='lat' dir='ltr'><strong>Beruardus</strong></span> <span class='ocrx_word' id='word_1_410' title='bbox 868 4032 927 4091; x_wconf 86' lang='lat' dir='ltr'><strong>Pez</strong></span> <span class='ocrx_word' id='word_1_411' title='bbox 946 4030 978 4090; x_wconf 91' lang='lat' dir='ltr'><strong>iu</strong></span> <span class='ocrx_word' id='word_1_412' title='bbox 994 4029 1212 4091; x_wconf 91' lang='lat' dir='ltr'><strong>dissertatione</strong></span> <span class='ocrx_word' id='word_1_413' title='bbox 1233 4030 1392 4110; x_wconf 85' lang='lat' dir='ltr'><strong>isagogica</strong></span> <span class='ocrx_word' id='word_1_414' title='bbox 1413 4031 1575 4110; x_wconf 86' lang='lat' dir='ltr'><strong>praemissu</strong></span> <span class='ocrx_word' id='word_1_415' title='bbox 1596 4034 1683 4094; x_wconf 88' lang='lat' dir='ltr'><strong>tomo</strong></span> <span class='ocrx_word' id='word_1_416' title='bbox 1698 4034 1711 4095; x_wconf 96' lang='lat' dir='ltr'><strong>l</strong></span> <span class='ocrx_word' id='word_1_417' title='bbox 1725 4032 1810 4097; x_wconf 84' lang='lat' dir='ltr'><strong>‘lhe-</strong></span> 
     </span>
     <span class='ocr_line' id='line_1_39' title="bbox 111 4127 1834 4210; baseline -0.01 -2"><span class='ocrx_word' id='word_1_418' title='bbox 111 4144 186 4207; x_wconf 85' lang='lat' dir='ltr'><strong>saari</strong></span> <span class='ocrx_word' id='word_1_419' title='bbox 206 4139 459 4209; x_wconf 80' lang='lat' dir='ltr'><strong>hnecdotorum‚</strong></span> <span class='ocrx_word' id='word_1_420' title='bbox 483 4151 568 4194; x_wconf 92' lang='lat' dir='ltr'><strong>num.</strong></span> <span class='ocrx_word' id='word_1_421' title='bbox 591 4133 642 4193; x_wconf 79' lang='lat'><strong>65.</strong></span> <span class='ocrx_word' id='word_1_422' title='bbox 665 4130 766 4210; x_wconf 85' lang='lat' dir='ltr'><strong>Hujus</strong></span> <span class='ocrx_word' id='word_1_423' title='bbox 788 4129 903 4190; x_wconf 89' lang='lat' dir='ltr'><strong>codicis</strong></span> <span class='ocrx_word' id='word_1_424' title='bbox 924 4127 1078 4189; x_wconf 84' lang='lat' dir='ltr'><strong>desiderio</strong></span> <span class='ocrx_word' id='word_1_425' title='bbox 1100 4127 1126 4188; x_wconf 93' lang='lat' dir='ltr'><strong>is</strong></span> <span class='ocrx_word' id='word_1_426' title='bbox 1148 4127 1201 4208; x_wconf 92' lang='lat' dir='ltr'><strong>qui</strong></span> <span class='ocrx_word' id='word_1_427' title='bbox 1222 4128 1346 4190; x_wconf 91' lang='lat' dir='ltr'><strong>enobis</strong></span> <span class='ocrx_word' id='word_1_428' title='bbox 1368 4130 1475 4190; x_wconf 81' lang='lat' dir='ltr'><strong>liomae</strong></span> <span class='ocrx_word' id='word_1_429' title='bbox 1496 4134 1576 4204; x_wconf 89' lang='lat' dir='ltr'><strong>erat,</strong></span> <span class='ocrx_word' id='word_1_430' title='bbox 1593 4129 1747 4201; x_wconf 79' lang='lat' dir='ltr'><strong>adiritP.</strong></span> <span class='ocrx_word' id='word_1_431' title='bbox 1764 4130 1807 4193; x_wconf 86' lang='lat' dir='ltr'><strong>u.</strong></span> <span class='ocrx_word' id='word_1_432' title='bbox 1829 4196 1834 4205; x_wconf 84' lang='lat'><strong>.</strong></span> 
     </span>
     <span class='ocr_line' id='line_1_40' title="bbox 111 4224 1811 4309; baseline -0.017 -4"><span class='ocrx_word' id='word_1_433' title='bbox 111 4244 263 4305; x_wconf 81' lang='lat' dir='ltr'><strong>’lbomam</strong></span> <span class='ocrx_word' id='word_1_434' title='bbox 286 4232 494 4304; x_wconf 88' lang='lat' dir='ltr'><strong>Riccbinium,</strong></span> <span class='ocrx_word' id='word_1_435' title='bbox 518 4229 636 4291; x_wconf 90' lang='lat' dir='ltr'><strong>ordinis</strong></span> <span class='ocrx_word' id='word_1_436' title='bbox 657 4225 904 4289; x_wconf 79' lang='lat' dir='ltr'><strong>praedicatorum</strong></span> <span class='ocrx_word' id='word_1_437' title='bbox 926 4244 945 4286; x_wconf 90' lang='lat' dir='ltr'><strong>a</strong></span> <span class='ocrx_word' id='word_1_438' title='bbox 970 4224 1096 4285; x_wconf 89' lang='lat' dir='ltr'><strong>secretis</strong></span> <span class='ocrx_word' id='word_1_439' title='bbox 1127 4225 1381 4304; x_wconf 91' lang='lat' dir='ltr'><strong>congregationis</strong></span> <span class='ocrx_word' id='word_1_440' title='bbox 1411 4224 1535 4302; x_wconf 87' lang='lat' dir='ltr'><strong>Indicis,</strong></span> <span class='ocrx_word' id='word_1_441' title='bbox 1566 4244 1667 4308; x_wconf 88' lang='lat' dir='ltr'><strong>eoque</strong></span> <span class='ocrx_word' id='word_1_442' title='bbox 1699 4243 1811 4309; x_wconf 68' lang='lat' dir='ltr'><strong>coepe.</strong></span> 
     </span>
     <span class='ocr_line' id='line_1_41' title="bbox 110 4312 1811 4407; baseline -0.01 -5"><span class='ocrx_word' id='word_1_443' title='bbox 110 4346 193 4402; x_wconf 79' lang='lat' dir='ltr'><strong>mute</strong></span> <span class='ocrx_word' id='word_1_444' title='bbox 212 4312 319 4399; x_wconf 66' lang='lat' dir='ltr'><strong>mul.</strong></span> <span class='ocrx_word' id='word_1_445' title='bbox 343 4329 505 4394; x_wconf 78' lang='lat' dir='ltr'><strong>Lmericus</strong></span> <span class='ocrx_word' id='word_1_446' title='bbox 524 4329 772 4406; x_wconf 89' lang='lat' dir='ltr'><strong>Langeuuaeter,</strong></span> <span class='ocrx_word' id='word_1_447' title='bbox 796 4322 935 4401; x_wconf 86' lang='lat' dir='ltr'><strong>ejusdem</strong></span> <span class='ocrx_word' id='word_1_448' title='bbox 957 4321 1076 4383; x_wconf 91' lang='lat' dir='ltr'><strong>ordinis</strong></span> <span class='ocrx_word' id='word_1_449' title='bbox 1098 4322 1299 4402; x_wconf 88' lang='lat' dir='ltr'><strong>provincialis</strong></span> <span class='ocrx_word' id='word_1_450' title='bbox 1319 4322 1431 4399; x_wconf 74' lang='lat' dir='ltr'><strong>Dacia,</strong></span> <span class='ocrx_word' id='word_1_451' title='bbox 1456 4341 1493 4385; x_wconf 92' lang='lat' dir='ltr'><strong>ac</strong></span> <span class='ocrx_word' id='word_1_452' title='bbox 1514 4324 1669 4403; x_wconf 85' lang='lat' dir='ltr'><strong>generalis</strong></span> <span class='ocrx_word' id='word_1_453' title='bbox 1692 4325 1811 4407; x_wconf 90' lang='lat' dir='ltr'><strong>magis-</strong></span> 
     </span>
     <span class='ocr_line' id='line_1_42' title="bbox 112 4419 1812 4515; baseline -0.009 -15"><span class='ocrx_word' id='word_1_454' title='bbox 112 4439 152 4499; x_wconf 86' lang='lat' dir='ltr'><strong>tri</strong></span> <span class='ocrx_word' id='word_1_455' title='bbox 170 4437 281 4515; x_wconf 77' lang='lat' dir='ltr'><strong>sociup,</strong></span> <span class='ocrx_word' id='word_1_456' title='bbox 306 4428 434 4511; x_wconf 89' lang='lat' dir='ltr'><strong>scripsit</strong></span> <span class='ocrx_word' id='word_1_457' title='bbox 454 4425 559 4488; x_wconf 90' lang='lat' dir='ltr'><strong>statim</strong></span> <span class='ocrx_word' id='word_1_458' title='bbox 580 4424 621 4485; x_wconf 93' lang='lat' dir='ltr'><strong>ad</strong></span> <span class='ocrx_word' id='word_1_459' title='bbox 645 4426 677 4484; x_wconf 89' lang='lat' dir='ltr'><strong>P.</strong></span> <span class='ocrx_word' id='word_1_460' title='bbox 702 4424 742 4483; x_wconf 86' lang='lat' dir='ltr'><strong>bl.</strong></span> <span class='ocrx_word' id='word_1_461' title='bbox 767 4420 960 4482; x_wconf 83' lang='lat' dir='ltr'><strong>Antoninum</strong></span> <span class='ocrx_word' id='word_1_462' title='bbox 984 4419 1162 4494; x_wconf 89' lang='lat' dir='ltr'><strong>Vcichtner,</strong></span> <span class='ocrx_word' id='word_1_463' title='bbox 1188 4420 1242 4499; x_wconf 92' lang='lat' dir='ltr'><strong>qui</strong></span> <span class='ocrx_word' id='word_1_464' title='bbox 1265 4439 1348 4497; x_wconf 87' lang='lat' dir='ltr'><strong>mox,</strong></span> <span class='ocrx_word' id='word_1_465' title='bbox 1373 4439 1430 4501; x_wconf 91' lang='lat' dir='ltr'><strong>pro</strong></span> <span class='ocrx_word' id='word_1_466' title='bbox 1451 4421 1568 4501; x_wconf 90' lang='lat' dir='ltr'><strong>insigni</strong></span> <span class='ocrx_word' id='word_1_467' title='bbox 1588 4440 1647 4485; x_wconf 89' lang='lat' dir='ltr'><strong>sua</strong></span> <span class='ocrx_word' id='word_1_468' title='bbox 1667 4422 1701 4484; x_wconf 91' lang='lat' dir='ltr'><strong>iu</strong></span> <span class='ocrx_word' id='word_1_469' title='bbox 1723 4423 1812 4488; x_wconf 88' lang='lat' dir='ltr'><strong>hisce</strong></span> 
     </span>
     <span class='ocr_line' id='line_1_43' title="bbox 111 4516 1812 4613; baseline -0.01 -15"><span class='ocrx_word' id='word_1_470' title='bbox 111 4534 219 4598; x_wconf 87' lang='lat' dir='ltr'><strong>studiis</strong></span> <span class='ocrx_word' id='word_1_471' title='bbox 240 4529 364 4613; x_wconf 85' lang='lat' dir='ltr'><strong>peritia,</strong></span> <span class='ocrx_word' id='word_1_472' title='bbox 389 4524 504 4587; x_wconf 92' lang='lat' dir='ltr'><strong>codicis</strong></span> <span class='ocrx_word' id='word_1_473' title='bbox 525 4520 740 4603; x_wconf 72' lang='lat' dir='ltr'><strong>praestantiam</strong></span> <span class='ocrx_word' id='word_1_474' title='bbox 763 4536 799 4580; x_wconf 90' lang='lat' dir='ltr'><strong>uc</strong></span> <span class='ocrx_word' id='word_1_475' title='bbox 822 4517 990 4578; x_wconf 88' lang='lat' dir='ltr'><strong>utilitatem</strong></span> <span class='ocrx_word' id='word_1_476' title='bbox 1015 4534 1199 4595; x_wconf 89' lang='lat' dir='ltr'><strong>agnoscens,</strong></span> <span class='ocrx_word' id='word_1_477' title='bbox 1225 4517 1331 4579; x_wconf 84' lang='lat' dir='ltr'><strong>lavore</strong></span> <span class='ocrx_word' id='word_1_478' title='bbox 1353 4536 1416 4580; x_wconf 91' lang='lat' dir='ltr'><strong>non</strong></span> <span class='ocrx_word' id='word_1_479' title='bbox 1447 4516 1551 4579; x_wconf 91' lang='lat' dir='ltr'><strong>minus</strong></span> <span class='ocrx_word' id='word_1_480' title='bbox 1581 4536 1677 4599; x_wconf 91' lang='lat' dir='ltr'><strong>quam</strong></span> <span class='ocrx_word' id='word_1_481' title='bbox 1702 4519 1812 4583; x_wconf 91' lang='lat' dir='ltr'><strong>labore</strong></span> 
     </span>
     <span class='ocr_line' id='line_1_44' title="bbox 112 4613 1812 4715; baseline -0.011 -18"><span class='ocrx_word' id='word_1_482' title='bbox 112 4636 200 4715; x_wconf 86' lang='lat' dir='ltr'><strong>pisae</strong></span> <span class='ocrx_word' id='word_1_483' title='bbox 221 4625 379 4710; x_wconf 87' lang='lat' dir='ltr'><strong>singulari</strong></span> <span class='ocrx_word' id='word_1_484' title='bbox 399 4625 502 4705; x_wconf 92' lang='lat' dir='ltr'><strong>ipsum</strong></span> <span class='ocrx_word' id='word_1_485' title='bbox 525 4620 666 4684; x_wconf 90' lang='lat' dir='ltr'><strong>codicem</strong></span> <span class='ocrx_word' id='word_1_486' title='bbox 687 4637 750 4679; x_wconf 91' lang='lat' dir='ltr'><strong>non</strong></span> <span class='ocrx_word' id='word_1_487' title='bbox 773 4614 1010 4690; x_wconf 86' lang='lat' dir='ltr'><strong>conferendum,</strong></span> <span class='ocrx_word' id='word_1_488' title='bbox 1033 4613 1087 4675; x_wconf 88' lang='lat' dir='ltr'><strong>sed</strong></span> <span class='ocrx_word' id='word_1_489' title='bbox 1109 4613 1147 4676; x_wconf 91' lang='lat' dir='ltr'><strong>de</strong></span> <span class='ocrx_word' id='word_1_490' title='bbox 1170 4615 1266 4676; x_wconf 86' lang='lat' dir='ltr'><strong>verbe</strong></span> <span class='ocrx_word' id='word_1_491' title='bbox 1288 4615 1481 4678; x_wconf 80' lang='lat' dir='ltr'><strong>adverbum</strong></span> <span class='ocrx_word' id='word_1_492' title='bbox 1513 4634 1621 4697; x_wconf 20' lang='lat' dir='ltr'><strong>quarn·</strong></span> <span class='ocrx_word' id='word_1_493' title='bbox 1639 4617 1812 4680; x_wconf 86' lang='lat' dir='ltr'><strong>accuratis·</strong></span> 
     </span>
     <span class='ocr_line' id='line_1_45' title="bbox 112 4708 1812 4801; baseline -0.011 -6"><span class='ocrx_word' id='word_1_494' title='bbox 112 4733 183 4794; x_wconf 74' lang='lat' dir='ltr'><strong>dare</strong></span> <span class='ocrx_word' id='word_1_495' title='bbox 204 4722 484 4792; x_wconf 87' lang='lat' dir='ltr'><strong>transcribendam</strong></span> <span class='ocrx_word' id='word_1_496' title='bbox 505 4718 640 4801; x_wconf 81' lang='lat' dir='ltr'><strong>putarit.</strong></span> <span class='ocrx_word' id='word_1_497' title='bbox 662 4716 698 4780; x_wconf 92' lang='lat' dir='ltr'><strong>ld</strong></span> <span class='ocrx_word' id='word_1_498' title='bbox 719 4720 824 4776; x_wconf 89' lang='lat' dir='ltr'><strong>eutem</strong></span> <span class='ocrx_word' id='word_1_499' title='bbox 847 4720 882 4774; x_wconf 93' lang='lat' dir='ltr'><strong>ut</strong></span> <span class='ocrx_word' id='word_1_500' title='bbox 902 4712 1099 4775; x_wconf 89' lang='lat' dir='ltr'><strong>commodius</strong></span> <span class='ocrx_word' id='word_1_501' title='bbox 1120 4731 1177 4792; x_wconf 90' lang='lat' dir='ltr'><strong>per</strong></span> <span class='ocrx_word' id='word_1_502' title='bbox 1198 4731 1269 4774; x_wconf 91' lang='lat' dir='ltr'><strong>eam</strong></span> <span class='ocrx_word' id='word_1_503' title='bbox 1292 4713 1390 4787; x_wconf 88' lang='lat' dir='ltr'><strong>fleret,</strong></span> <span class='ocrx_word' id='word_1_504' title='bbox 1415 4732 1434 4774; x_wconf 91' lang='lat' dir='ltr'><strong>a</strong></span> <span class='ocrx_word' id='word_1_505' title='bbox 1465 4713 1725 4777; x_wconf 85' lang='lat' dir='ltr'><strong>reverendissimo</strong></span> <span class='ocrx_word' id='word_1_506' title='bbox 1755 4708 1812 4777; x_wconf 80' lang='lat' dir='ltr'><strong>ab·</strong></span> 
     </span>
     <span class='ocr_line' id='line_1_46' title="bbox 111 4810 1812 4892; baseline -0.011 1"><span class='ocrx_word' id='word_1_507' title='bbox 111 4828 177 4892; x_wconf 78' lang='lat' dir='ltr'><strong>bate</strong></span> <span class='ocrx_word' id='word_1_508' title='bbox 198 4828 241 4891; x_wconf 87' lang='lat' dir='ltr'><strong>ad</strong></span> <span class='ocrx_word' id='word_1_509' title='bbox 261 4827 296 4889; x_wconf 90' lang='lat' dir='ltr'><strong>S.</strong></span> <span class='ocrx_word' id='word_1_510' title='bbox 321 4825 555 4886; x_wconf 81' lang='lat' dir='ltr'><strong>Emmeramum</strong></span> <span class='ocrx_word' id='word_1_511' title='bbox 577 4815 659 4878; x_wconf 92' lang='lat' dir='ltr'><strong>sacri</strong></span> <span class='ocrx_word' id='word_1_512' title='bbox 679 4813 813 4877; x_wconf 82' lang='lat' dir='ltr'><strong>Romani</strong></span> <span class='ocrx_word' id='word_1_513' title='bbox 834 4811 958 4891; x_wconf 90' lang='lat' dir='ltr'><strong>imperii</strong></span> <span class='ocrx_word' id='word_1_514' title='bbox 980 4810 1133 4890; x_wconf 89' lang='lat' dir='ltr'><strong>principe,</strong></span> <span class='ocrx_word' id='word_1_515' title='bbox 1157 4811 1223 4872; x_wconf 86' lang='lat' dir='ltr'><strong>viro</strong></span> <span class='ocrx_word' id='word_1_516' title='bbox 1245 4811 1277 4871; x_wconf 91' lang='lat' dir='ltr'><strong>in</strong></span> <span class='ocrx_word' id='word_1_517' title='bbox 1299 4811 1385 4872; x_wconf 94' lang='lat' dir='ltr'><strong>omni</strong></span> <span class='ocrx_word' id='word_1_518' title='bbox 1406 4811 1582 4874; x_wconf 90' lang='lat' dir='ltr'><strong>litterarum</strong></span> <span class='ocrx_word' id='word_1_519' title='bbox 1604 4817 1636 4875; x_wconf 90' lang='lat' dir='ltr'><strong>et</strong></span> <span class='ocrx_word' id='word_1_520' title='bbox 1664 4813 1812 4876; x_wconf 88' lang='lat' dir='ltr'><strong>scientia-</strong></span> 
     </span>
     <span class='ocr_line' id='line_1_47' title="bbox 112 4907 1812 5008; baseline -0.012 -16"><span class='ocrx_word' id='word_1_521' title='bbox 112 4926 176 4990; x_wconf 81' lang='lat' dir='ltr'><strong>ru&#39;m</strong></span> <span class='ocrx_word' id='word_1_522' title='bbox 196 4942 317 5008; x_wconf 89' lang='lat' dir='ltr'><strong>genere</strong></span> <span class='ocrx_word' id='word_1_523' title='bbox 338 4912 562 4990; x_wconf 75' lang='lat' dir='ltr'><strong>excultissimo,</strong></span> <span class='ocrx_word' id='word_1_524' title='bbox 586 4926 709 4976; x_wconf 90' lang='lat' dir='ltr'><strong>summa</strong></span> <span class='ocrx_word' id='word_1_525' title='bbox 723 4910 917 4991; x_wconf 90' lang='lat' dir='ltr'><strong>benignitate</strong></span> <span class='ocrx_word' id='word_1_526' title='bbox 939 4926 1122 4970; x_wconf 84' lang='lat' dir='ltr'><strong>concessura</strong></span> <span class='ocrx_word' id='word_1_527' title='bbox 1146 4907 1204 4970; x_wconf 87' lang='lat' dir='ltr'><strong>luit</strong></span> <span class='ocrx_word' id='word_1_528' title='bbox 1225 4914 1260 4969; x_wconf 93' lang='lat' dir='ltr'><strong>ut</strong></span> <span class='ocrx_word' id='word_1_529' title='bbox 1284 4909 1367 4971; x_wconf 88' lang='lat' dir='ltr'><strong>idem</strong></span> <span class='ocrx_word' id='word_1_530' title='bbox 1398 4910 1495 4971; x_wconf 84' lang='lat' dir='ltr'><strong>codex</strong></span> <span class='ocrx_word' id='word_1_531' title='bbox 1518 4910 1746 4973; x_wconf 87' lang='lat' dir='ltr'><strong>Laudishutam</strong></span> <span class='ocrx_word' id='word_1_532' title='bbox 1779 4912 1812 4973; x_wconf 89' lang='lat' dir='ltr'><strong>ia</strong></span> 
     </span>
     <span class='ocr_line' id='line_1_48' title="bbox 113 5006 1810 5088; baseline -0.009 -2"><span class='ocrx_word' id='word_1_533' title='bbox 113 5023 274 5088; x_wconf 87' lang='lat' dir='ltr'><strong>memorati</strong></span> <span class='ocrx_word' id='word_1_534' title='bbox 295 5023 333 5083; x_wconf 88' lang='lat' dir='ltr'><strong>P.</strong></span> <span class='ocrx_word' id='word_1_535' title='bbox 358 5015 509 5080; x_wconf 74' lang='lat' dir='ltr'><strong>Antonini</strong></span> <span class='ocrx_word' id='word_1_536' title='bbox 530 5016 719 5075; x_wconf 86' lang='lat' dir='ltr'><strong>conventum</strong></span> <span class='ocrx_word' id='word_1_537' title='bbox 742 5009 926 5071; x_wconf 89' lang='lat' dir='ltr'><strong>deterretur.</strong></span> <span class='ocrx_word' id='word_1_538' title='bbox 950 5008 1026 5080; x_wconf 83' lang='lat' dir='ltr'><strong>Ouae</strong></span> <span class='ocrx_word' id='word_1_539' title='bbox 1048 5006 1214 5086; x_wconf 90' lang='lat' dir='ltr'><strong>peculiaris</strong></span> <span class='ocrx_word' id='word_1_540' title='bbox 1236 5007 1329 5069; x_wconf 87' lang='lat' dir='ltr'><strong>unius</strong></span> <span class='ocrx_word' id='word_1_541' title='bbox 1351 5006 1517 5087; x_wconf 83' lang='lat' dir='ltr'><strong>diligentia</strong></span> <span class='ocrx_word' id='word_1_542' title='bbox 1535 5007 1569 5069; x_wconf 92' lang='lat' dir='ltr'><strong>in</strong></span> <span class='ocrx_word' id='word_1_543' title='bbox 1592 5009 1810 5081; x_wconf 85' lang='lat' dir='ltr'><strong>exscribendo,</strong></span> 
     </span>
     <span class='ocr_line' id='line_1_49' title="bbox 113 5103 1813 5187; baseline -0.014 0"><span class='ocrx_word' id='word_1_544' title='bbox 113 5130 141 5185; x_wconf 82' lang='lat' dir='ltr'><strong>et</strong></span> <span class='ocrx_word' id='word_1_545' title='bbox 158 5123 289 5186; x_wconf 90' lang='lat' dir='ltr'><strong>alterins</strong></span> <span class='ocrx_word' id='word_1_546' title='bbox 313 5114 497 5179; x_wconf 87' lang='lat' dir='ltr'><strong>humanitas</strong></span> <span class='ocrx_word' id='word_1_547' title='bbox 518 5113 549 5173; x_wconf 92' lang='lat' dir='ltr'><strong>in</strong></span> <span class='ocrx_word' id='word_1_548' title='bbox 572 5107 803 5173; x_wconf 89' lang='lat' dir='ltr'><strong>commodando</strong></span> <span class='ocrx_word' id='word_1_549' title='bbox 825 5110 890 5166; x_wconf 88' lang='lat' dir='ltr'><strong>tam</strong></span> <span class='ocrx_word' id='word_1_550' title='bbox 916 5103 1031 5166; x_wconf 84' lang='lat' dir='ltr'><strong>eximio</strong></span> <span class='ocrx_word' id='word_1_551' title='bbox 1059 5104 1177 5179; x_wconf 89' lang='lat' dir='ltr'><strong>codice,</strong></span> <span class='ocrx_word' id='word_1_552' title='bbox 1210 5106 1248 5167; x_wconf 88' lang='lat' dir='ltr'><strong>de</strong></span> <span class='ocrx_word' id='word_1_553' title='bbox 1279 5123 1342 5186; x_wconf 90' lang='lat' dir='ltr'><strong>quo</strong></span> <span class='ocrx_word' id='word_1_554' title='bbox 1372 5105 1464 5187; x_wconf 88' lang='lat' dir='ltr'><strong>plura</strong></span> <span class='ocrx_word' id='word_1_555' title='bbox 1493 5107 1525 5168; x_wconf 95' lang='lat' dir='ltr'><strong>in</strong></span> <span class='ocrx_word' id='word_1_556' title='bbox 1556 5107 1742 5187; x_wconf 76' lang='lat' dir='ltr'><strong>praelatione</strong></span> <span class='ocrx_word' id='word_1_557' title='bbox 1772 5104 1813 5165; x_wconf 90' lang='lat' dir='ltr'><strong>ad</strong></span> 
     </span>
     <span class='ocr_line' id='line_1_50' title="bbox 114 5202 1811 5301; baseline -0.015 -15"><span class='ocrx_word' id='word_1_558' title='bbox 114 5222 263 5301; x_wconf 75' lang='lat' dir='ltr'><strong>Epistulas</strong></span> <span class='ocrx_word' id='word_1_559' title='bbox 283 5214 423 5279; x_wconf 86' lang='lat' dir='ltr'><strong>dicenda</strong></span> <span class='ocrx_word' id='word_1_560' title='bbox 444 5204 546 5284; x_wconf 79' lang='lat' dir='ltr'><strong>ardut,</strong></span> <span class='ocrx_word' id='word_1_561' title='bbox 570 5215 637 5271; x_wconf 95' lang='lat' dir='ltr'><strong>toto</strong></span> <span class='ocrx_word' id='word_1_562' title='bbox 659 5206 728 5269; x_wconf 89' lang='lat' dir='ltr'><strong>orbi</strong></span> <span class='ocrx_word' id='word_1_563' title='bbox 744 5203 887 5267; x_wconf 91' lang='lat' dir='ltr'><strong>testanda</strong></span> <span class='ocrx_word' id='word_1_564' title='bbox 909 5220 945 5263; x_wconf 91' lang='lat' dir='ltr'><strong>ac</strong></span> <span class='ocrx_word' id='word_1_565' title='bbox 967 5202 1099 5283; x_wconf 89' lang='lat' dir='ltr'><strong>perenni</strong></span> <span class='ocrx_word' id='word_1_566' title='bbox 1122 5202 1281 5265; x_wconf 82' lang='lat' dir='ltr'><strong>memoriae</strong></span> <span class='ocrx_word' id='word_1_567' title='bbox 1303 5204 1556 5266; x_wconf 89' lang='lat' dir='ltr'><strong>commendanda</strong></span> <span class='ocrx_word' id='word_1_568' title='bbox 1586 5205 1654 5265; x_wconf 90' lang='lat' dir='ltr'><strong>tait.</strong></span> <span class='ocrx_word' id='word_1_569' title='bbox 1679 5203 1732 5264; x_wconf 86' lang='lat' dir='ltr'><strong>llis</strong></span> <span class='ocrx_word' id='word_1_570' title='bbox 1755 5219 1811 5262; x_wconf 89' lang='lat' dir='ltr'><strong>au·</strong></span> 
     </span>
     <span class='ocr_line' id='line_1_51' title="bbox 114 5300 1813 5391; baseline -0.015 -8"><span class='ocrx_word' id='word_1_571' title='bbox 114 5326 169 5381; x_wconf 86' lang='lat' dir='ltr'><strong>tem</strong></span> <span class='ocrx_word' id='word_1_572' title='bbox 190 5314 341 5381; x_wconf 80' lang='lat' dir='ltr'><strong>subsidiis</strong></span> <span class='ocrx_word' id='word_1_573' title='bbox 362 5309 485 5391; x_wconf 84' lang='lat' dir='ltr'><strong>experti</strong></span> <span class='ocrx_word' id='word_1_574' title='bbox 506 5326 613 5370; x_wconf 87' lang='lat' dir='ltr'><strong>sumus</strong></span> <span class='ocrx_word' id='word_1_575' title='bbox 635 5307 749 5387; x_wconf 89' lang='lat' dir='ltr'><strong>ipsum.</strong></span> <span class='ocrx_word' id='word_1_576' title='bbox 772 5307 805 5366; x_wconf 86' lang='lat' dir='ltr'><strong>S.</strong></span> <span class='ocrx_word' id='word_1_577' title='bbox 829 5301 940 5363; x_wconf 89' lang='lat' dir='ltr'><strong>Leonis</strong></span> <span class='ocrx_word' id='word_1_578' title='bbox 962 5305 1082 5363; x_wconf 83' lang='lat' dir='ltr'><strong>textum</strong></span> <span class='ocrx_word' id='word_1_579' title='bbox 1114 5300 1218 5363; x_wconf 88' lang='lat' dir='ltr'><strong>adhuc</strong></span> <span class='ocrx_word' id='word_1_580' title='bbox 1248 5307 1320 5382; x_wconf 89' lang='lat' dir='ltr'><strong>post</strong></span> <span class='ocrx_word' id='word_1_581' title='bbox 1349 5302 1552 5374; x_wconf 86' lang='lat' dir='ltr'><strong>Ouesnellum</strong></span> <span class='ocrx_word' id='word_1_582' title='bbox 1583 5316 1674 5382; x_wconf 86' lang='lat' dir='ltr'><strong>posse</strong></span> <span class='ocrx_word' id='word_1_583' title='bbox 1703 5315 1813 5360; x_wconf 88' lang='lat' dir='ltr'><strong>emen-</strong></span> 
     </span>
     <span class='ocr_line' id='line_1_52' title="bbox 115 5399 1259 5482; baseline -0.019 -1"><span class='ocrx_word' id='word_1_584' title='bbox 115 5416 173 5479; x_wconf 85' lang='lat' dir='ltr'><strong>dari</strong></span> <span class='ocrx_word' id='word_1_585' title='bbox 194 5435 262 5478; x_wconf 92' lang='lat' dir='ltr'><strong>non</strong></span> <span class='ocrx_word' id='word_1_586' title='bbox 284 5408 459 5482; x_wconf 85' lang='lat' dir='ltr'><strong>modicum,</strong></span> <span class='ocrx_word' id='word_1_587' title='bbox 482 5413 513 5470; x_wconf 91' lang='lat' dir='ltr'><strong>et</strong></span> <span class='ocrx_word' id='word_1_588' title='bbox 533 5406 622 5469; x_wconf 80' lang='lat' dir='ltr'><strong>novis</strong></span> <span class='ocrx_word' id='word_1_589' title='bbox 643 5404 736 5467; x_wconf 89' lang='lat' dir='ltr'><strong>etiam</strong></span> <span class='ocrx_word' id='word_1_590' title='bbox 759 5401 884 5463; x_wconf 91' lang='lat' dir='ltr'><strong>ineditis</strong></span> <span class='ocrx_word' id='word_1_591' title='bbox 907 5399 1118 5461; x_wconf 88' lang='lat' dir='ltr'><strong>monumentis</strong></span> <span class='ocrx_word' id='word_1_592' title='bbox 1139 5399 1259 5479; x_wconf 90' lang='lat' dir='ltr'><strong>augeri.</strong></span> 
     </span>
    </p>

    <p class='ocr_par' dir='ltr' id='par_1_7' title="bbox 115 5490 1813 5674">
     <span class='ocr_line' id='line_1_53' title="bbox 144 5490 1813 5577; baseline -0.014 0"><span class='ocrx_word' id='word_1_593' title='bbox 144 5516 209 5577; x_wconf 85' lang='lat' dir='ltr'><strong>llil.</strong></span> <span class='ocrx_word' id='word_1_594' title='bbox 233 5508 447 5576; x_wconf 87' lang='lat' dir='ltr'><strong>Sermonibus</strong></span> <span class='ocrx_word' id='word_1_595' title='bbox 468 5502 671 5567; x_wconf 89' lang='lat' dir='ltr'><strong>emendandis</strong></span> <span class='ocrx_word' id='word_1_596' title='bbox 693 5519 767 5562; x_wconf 90' lang='lat' dir='ltr'><strong>mss.</strong></span> <span class='ocrx_word' id='word_1_597' title='bbox 790 5494 985 5577; x_wconf 85' lang='lat' dir='ltr'><strong>exemplaria</strong></span> <span class='ocrx_word' id='word_1_598' title='bbox 1006 5498 1151 5557; x_wconf 82' lang='lat' dir='ltr'><strong>Romana</strong></span> <span class='ocrx_word' id='word_1_599' title='bbox 1180 5496 1378 5577; x_wconf 90' lang='lat' dir='ltr'><strong>potissimum</strong></span> <span class='ocrx_word' id='word_1_600' title='bbox 1410 5495 1595 5558; x_wconf 92' lang='lat' dir='ltr'><strong>contulere:</strong></span> <span class='ocrx_word' id='word_1_601' title='bbox 1626 5490 1711 5555; x_wconf 90' lang='lat' dir='ltr'><strong>inter</strong></span> <span class='ocrx_word' id='word_1_602' title='bbox 1741 5511 1813 5574; x_wconf 79' lang='lat' dir='ltr'><strong>qum</strong></span> 
     </span>
     <span class='ocr_line' id='line_1_54' title="bbox 115 5591 1813 5674; baseline -0.012 -1"><span class='ocrx_word' id='word_1_603' title='bbox 115 5630 176 5674; x_wconf 90' lang='lat' dir='ltr'><strong>cum</strong></span> <span class='ocrx_word' id='word_1_604' title='bbox 196 5610 361 5674; x_wconf 90' lang='lat' dir='ltr'><strong>nonnulla</strong></span> <span class='ocrx_word' id='word_1_605' title='bbox 382 5604 422 5667; x_wconf 93' lang='lat' dir='ltr'><strong>ad</strong></span> <span class='ocrx_word' id='word_1_606' title='bbox 449 5603 594 5665; x_wconf 91' lang='lat' dir='ltr'><strong>basilicas</strong></span> <span class='ocrx_word' id='word_1_607' title='bbox 623 5600 717 5664; x_wconf 88' lang='lat' dir='ltr'><strong>Urbis</strong></span> <span class='ocrx_word' id='word_1_608' title='bbox 747 5595 917 5660; x_wconf 88' lang='lat' dir='ltr'><strong>certissime</strong></span> <span class='ocrx_word' id='word_1_609' title='bbox 943 5593 1162 5674; x_wconf 90' lang='lat' dir='ltr'><strong>pertinuerint,</strong></span> <span class='ocrx_word' id='word_1_610' title='bbox 1195 5601 1281 5657; x_wconf 91' lang='lat' dir='ltr'><strong>certo</strong></span> <span class='ocrx_word' id='word_1_611' title='bbox 1312 5597 1454 5657; x_wconf 86' lang='lat' dir='ltr'><strong>Romana</strong></span> <span class='ocrx_word' id='word_1_612' title='bbox 1483 5595 1567 5663; x_wconf 90' lang='lat' dir='ltr'><strong>sunt,</strong></span> <span class='ocrx_word' id='word_1_613' title='bbox 1601 5608 1638 5651; x_wconf 89' lang='lat' dir='ltr'><strong>ac</strong></span> <span class='ocrx_word' id='word_1_614' title='bbox 1668 5591 1813 5671; x_wconf 89' lang='lat' dir='ltr'><strong>puriores</strong></span> 
     </span>
    </p>
   </div>
   <div class='ocr_carea' id='block_1_6' title="bbox 9 5688 1812 5772">
    <p class='ocr_par' dir='ltr' id='par_1_8' title="bbox 9 5688 1812 5772">
     <span class='ocr_line' id='line_1_55' title="bbox 9 5688 1812 5772; baseline -0.014 3"><span class='ocrx_word' id='word_1_615' title='bbox 9 5730 11 5737; x_wconf 73' lang='grc'>’</span> <span class='ocrx_word' id='word_1_616' title='bbox 114 5708 260 5772; x_wconf 66' lang='lat' dir='ltr'><strong>meones</strong></span> <span class='ocrx_word' id='word_1_617' title='bbox 281 5704 375 5769; x_wconf 85' lang='lat' dir='ltr'><strong>nobis</strong></span> <span class='ocrx_word' id='word_1_618' title='bbox 397 5704 634 5764; x_wconf 80' lang='lat' dir='ltr'><strong>conservarunt.</strong></span> <span class='ocrx_word' id='word_1_619' title='bbox 657 5694 853 5772; x_wconf 84' lang='lat' dir='ltr'><strong>Quesnellus,</strong></span> <span class='ocrx_word' id='word_1_620' title='bbox 877 5692 935 5755; x_wconf 89' lang='lat' dir='ltr'><strong>etsi</strong></span> <span class='ocrx_word' id='word_1_621' title='bbox 955 5691 1056 5753; x_wconf 90' lang='lat' dir='ltr'><strong>multa</strong></span> <span class='ocrx_word' id='word_1_622' title='bbox 1072 5688 1234 5766; x_wconf 67' lang='lat' dir='ltr'><strong>correxit,</strong></span> <span class='ocrx_word' id='word_1_623' title='bbox 1268 5709 1339 5754; x_wconf 90' lang='lat' dir='ltr'><strong>cum</strong></span> <span class='ocrx_word' id='word_1_624' title='bbox 1371 5698 1476 5751; x_wconf 87' lang='lat' dir='ltr'><strong>tamen</strong></span> <span class='ocrx_word' id='word_1_625' title='bbox 1509 5688 1568 5751; x_wconf 92' lang='lat' dir='ltr'><strong>hos</strong></span> <span class='ocrx_word' id='word_1_626' title='bbox 1598 5688 1721 5751; x_wconf 89' lang='lat' dir='ltr'><strong>codices</strong></span> <span class='ocrx_word' id='word_1_627' title='bbox 1749 5706 1812 5750; x_wconf 92' lang='lat' dir='ltr'><strong>non</strong></span> 
     </span>
    </p>
   </div>
   <div class='ocr_carea' id='block_1_7' title="bbox 0 0 2030 6164">
    <p class='ocr_par' dir='ltr' id='par_1_9' title="bbox 0 0 2030 6164">
     <span class='ocr_line' id='line_1_56' title="bbox 0 0 2030 6164; baseline 0 0"><span class='ocrx_word' id='word_1_628' title='bbox 0 0 2030 6164; x_wconf 95' lang='lat' dir='ltr'><strong> </strong></span> 
     </span>
    </p>
   </div>
  </div>
 </body>
</html>
