4050 6175
171 183 243 271 ,989

750 189 783 254 S.
803 188 943 255 LllONlS
965 187 1092 254 MAGNI
1113 187 1326 254 EPlS'l'OLAE.

185 331 262 388 hano
290 331 389 389 sedam
420 328 572 396 habentes,
600 331 629 385 ct
656 328 794 386 iacientes
820 329 920 385 omnia
949 336 1057 406 quaeA
1085 335 1258 407 ορχδντωνπῷ
1277 333 1406 405 συνιδρίφ,
1422 333 1465 390 καλ
1478 333 1676 407 ἀποφηναμένων
1692 331 1738 390 τδν
1755 335 1825 407 παρὰ
1842 337 1887 399 τῆς

186 417 331 495 injuriam
346 420 550 476 atterentium
565 417 650 488 mihi,
663 423 725 475 tum
751 416 1016 491 constantinopolis

185 510 542 584 sanctissimmllcclesiae.
560 511 725 568 Constituto
750 515 820 567 sunt
845 511 935 567 etiam
955 509 1016 567 haec

187 607 263 660 nutu
279 602 482 676 piissimorum
496 605 664 659 nostrorum
681 601 891 674 imperatorum
917 604 1014 658 astan-

184 691 265 749 tibus
280 695 309 748 ct
325 691 645 766 magnificentisssimis
671 690 951 764 gloriosissimisque
962 690 1016 762 ju-

189 780 309 840 dicibus
324 780 457 864 concilio,
474 786 503 837 st
525 780 786 855 pronuntiantibus
813 779 1014 836 definitionem

185 874 295 928 sancte
321 871 424 944 synodi
453 886 518 928 esse
546 871 673 938 firmam,
703 869 865 943 obnixeque
893 868 1014 941 stipsis

186 959 433 1018 contendentibus
462 962 491 1015 et
515 958 702 1032 cupientibus
730 974 764 1015 ea
779 975 842 1032 quac
870 958 907 1014 ad
922 958 1014 1014 hono·

185 1063 248 1106 rem
263 1048 343 1105 sedis
358 1051 501 1122 spectant,
516 1052 550 1105 ut
564 1047 703 1115 diximus,
725 1064 850 1121 quorum
866 1065 900 1105 ex
912 1047 1015 1104 multis

186 1143 280 1211 pauca
293 1136 375 1195 vobis
389 1142 459 1194 nota
467 1137 600 1208 lecimus,
609 1154 646 1195 ne
658 1136 857 1210 videamur(n)
863 1137 942 1210 ipsos
952 1136 1016 1210 qui·

186 1227 253 1284 dem
268 1242 398 1300 gravare,
409 1243 566 1284 auresvero
575 1226 1013 1284 vestrasobtundera.Nosenim

188 1319 218 1374 et
232 1320 300 1373 ante
315 1320 344 1374 et
359 1320 425 1390 post
437 1317 571 1390 ipsorum
586 1316 757 1385 adventum,
772 1317 874 1389 quaead
887 1318 1013 1372 vestram

186 1405 310 1479 gloriam
326 1410 355 1463 et
370 1406 511 1463 honorem
518 1406 650 1463 debitum
660 1405 815 1479 pertinent,
827 1405 974 1463 curavisse
985 1405 1013 1461 in

187 1496 452 1569 enumeraturus
468 1495 643 1565 asttestis,et
653 1495 718 1568 ipsa
733 1495 1012 1563 laetamanilostant,

187 1586 334 1659 quomodo
349 1585 461 1642 scilicet
474 1590 502 1643 et
512 1585 592 1658 ipsos
606 1585 752 1640 honoreet
763 1600 920 1640 munerum
935 1599 1013 1639 rere·

1083 428 1154 492 ἁγίας
1173 426 1278 478 συνόδου
1297 429 1356 495 όρον
1381 428 1480 493 βίόαιον
1502 419 1578 492 είναι,
1594 425 1637 478 καὶ
1654 429 1885 493 προσριλοτιμησα·

1084 518 1165 582 μόνων
1182 515 1224 566 καί
1241 507 1324 566 αὑτῶν
1341 516 1372 566 τὰ
1387 517 1421 573 εἰς
1439 518 1521 581 τιμὴν,
1542 517 1651 585 καθάπερ
1672 518 1818 584 εῑρὴκαμεν,
1838 524 1887 571 τοῦ

1083 605 1172 675 θρόνου
1192 607 1364 663 συντείνοντα,
1385 606 1447 672 ἅπερ
1462 607 1491 656 ἐκ
1509 607 1605 658 πολλῶν
1618 607 1689 670 δλίγα
1705 608 1764 671 ὑμῖν
1783 609 1888 674 innupl-

1083 709 1171 756 σαμεν,
1198 692 1240 744 ῖνα
1267 695 1300 756 μη
1326 692 1435 759 δόξωμεν
1467 693 1559 751 αὑτοὺς
1586 694 1629 759 μὶν
1659 695 1753 762 βαρεῖν,
1779 698 1833 751 ταῖς
1859 697 1889 746 δὲ

1082 781 1169 839 ἁκοαῖς
1187 783 1238 838 ταῖς
1257 783 1389 847 ὑμετέραις
1407 785 1576 849 παρενοχλεῖν.
1603 784 1691 848 Ἦμεῖς
1715 786 1761 851 γὰρ
1782 786 1821 834 ότι
1844 787 1889 835 καί

1081 869 1130 936 πρό
1150 871 1195 930 τῆς
1219 869 1302 920 αὐτῶν
1326 870 1520 937 παρουσίας,τὰ
1539 873 1573 929 είς
1593 872 1665 929 δόξαν
1691 874 1813 940 ὑμετέραν
1841 873 1887 924 καῖ

1084 959 1159 1023 τιμὴν
1176 960 1221 1017 την
1242 959 1403 1023 ὀφειλομένην
1424 960 1449 1010 δν
1469 965 1531 1011 πᾶσι
1549 961 1739 1028 διαπραξόμεθα,
1761 963 1802 1012 καί
1822 966 1889 1028 μετὰ

1082 1046 1221 1107 τὴναὺτόιν
1242 1049 1392 1113 παρουσίαν,
1418 1049 1481 1106 θεός
1506 1067 1533 1100 τε
1557 1053 1665 1118 μάρτυς,
1690 1051 1732 1102 καὶ
1754 1052 1819 1103 αὑτὰ
1843 1071 1889 1104 πε·

1081 1136 1213 1203 πραγμὲνα
1241 1137 1319 1196 δηλοῖ.
1347 1140 1438 1195 Ὅπως
1462 1154 1491 1203 γε
1516 1140 1558 1191 καὶ
1581 1139 1673 1197 αὐτοὺς
1694 1142 1767 1205 τιμῆς
1789 1159 1819 1193 τε
1843 1143 1889 1193 καί

1082 1224 1232 1292 δορυφορίας
1244 1225 1384 1291 ἠξιώσαμεν
1399 1228 1473 1294 αἰδοῖ,
1492 1228 1535 1279 καλ
1555 1235 1612 1294 τιμῇ
1627 1236 1657 1294 τῇ
1675 1230 1731 1295 περὶ
1746 1231 1823 1295 ὑμᾶς,
1844 1233 1889 1283 καί

1082 1311 1125 1363 τόν
1146 1318 1260 1364 τοιοῦτον
1276 1313 1354 1366 τόπον
1376 1314 1414 1365 tat
1434 1317 1478 1376 τὴν
1501 1318 1622 1384 ὑμετέραν
1644 1318 1763 1377 ὁσιότητα
1784 1323 1801 1378 ἠ
1825 1320 1889 1382 ἁγία

1082 1399 1186 1458 σόνοδος
1197 1402 1317 1467 ἁνὴνεγκι
1332 1405 1374 1454 καί
1390 1406 1471 1473 ἡμεῖς,
1489 1407 1526 1471 ἐφ’
1548 1400 1612 1473 ᾧτε
1631 1407 1690 1474 παρ’
1709 1408 1780 1472 ὑμῶν
1800 1410 1887 1475 τυχεῖν

1082 1490 1260 1553 συναινέσεως,
1284 1492 1327 1542 καί
1355 1494 1529 1559 βεδαιότητος,
1555 1497 1746 1561 παρακαλοῦμεν
1774 1512 1816 1559 τε,
1843 1497 1888 1547 καί

1082 1576 1158 1630 τοῦτο
1178 1577 1236 1644 παρ’
1265 1580 1336 1643 ὑμῶν
1353 1583 1480 1650 γενέσθαι,
1497 1584 1641 1647 ἁγιώτατοι.
1673 1584 1704 1634 Ὁ
1723 1585 1770 1651 γὰρ
1796 1585 1888 1652 θρόνος

187 1675 282 1732 pontia
296 1674 529 1749 dignatigimugjg
539 1677 568 1731 et
581 1672 814 1746 honorisgmtiu,
824 1690 881 1746 quo
893 1689 1015 1746 vogpm.
1029 1714 1054 1781 Β
1084 1669 1371 1727 Κωνσταντινουπόλεως
1393 1669 1443 1738 ἔχει
1459 1674 1555 1740 πατέρα
1579 1673 1622 1724 τόν
1637 1674 1802 1725 ἁποστολικδν
1825 1676 1886 1744 θρό-

190 1763 354 1836 sequimur,
383 1763 527 1837 ejusmodi
543 1762 631 1819 etiam
659 1763 808 1819 decretum
823 1761 859 1817 ad
888 1764 1015 1818 vestram
1081 1773 1125 1808 νον
1138 1757 1209 1822 ὑμῶν
1229 1758 1400 1826 κατεξοίριτον
1422 1762 1509 1812 ἑαυτὸν
1527 1760 1665 1827 σννοίνίντι
1686 1763 1755 1827 ἡμῖν,
1780 1765 1823 1813 tv:
1841 1763 1886 1814 καὶ

189 1849 1014 1926 sanctitatemsanctasynodusretulit,etnos(l)utappro-

188 1941 338 2000 hetilonem
353 1941 773 2013 archiscontlrmatiouemquc
788 1956 1013 2013 consequamur:

187 2032 435 2106 obsecramusque
451 2037 483 2089 ut
497 2032 552 2089 hoc
562 2031 709 2104 etiamper
720 2047 781 2099 ros,
798 2030 1013 2100 osanctissimi,

186 2122 341 2181 elllcialur.
347 2123 421 2180 Nam
436 2120 793 2195 sedcannstantinopolis
807 2121 1013 2196 habctpatrem

185 2212 325 2271 thronum
340 2211 532 2286 apostolicum
546 2215 688 2279 vestrum,
704 2211 850 2286 precipuo
865 2215 953 2286 atque
968 2230 1014 2270 ex·

186 2301 301 2360 cellenti
312 2301 434 2359 modosa
449 2299 545 2375 ipsam
562 2300 716 2357 vobiscum
731 2301 927 2375 conjungens,
940 2305 1014 2358 atax

183 2395 280 2449 vestra
294 2391 330 2448 dc
344 2390 410 2464 ipsa
424 2388 631 2457 sollicitudine,
648 2406 751 2446 omnes
767 2389 887 2463 quidem
904 2388 1012 2446 intelli·

184 2484 266 2556 gant,
278 2496 331 2538 vos
341 2478 1011 2553 jamdiuipsiuscommodissincercconsulen·

185 2575 241 2640 tos,
257 2568 345 2627 etiam
360 2585 439 2626 nunc
454 2569 588 2624 eamdem
602 2584 703 2624 curam
719 2567 826 2624 habere
841 2568 877 2623 de
903 2567 961 2624 illa.
978 2569 1013 2624 lit

185 2656 263 2715 sicut
270 2655 354 2715 utilia
360 2655 657 2714 ecclesiasticostatui
665 2657 765 2713 omnia
777 2674 840 2730 qua
856 2661 1013 2714 consecuta

185 2739 264 2814 sunt,
277 2751 307 2801 ct
320 2745 375 2801 rite
389 2749 472 2819 gesta
488 2745 517 2801 in
538 2745 727 2802 sanctissima
748 2749 776 2801 et
791 2745 949 2801 universali
964 2764 1011 2820 sy-

183 2833 261 2891 nodo
274 2836 338 2890 rata
349 2832 803 2907 habere(c)dignabimini,ipsam
820 2834 1012 2906 quoquedesi-

183 2921 325 2979 ditionem
340 2921 540 2994 supradictam
555 2921 590 3002 de
606 2921 674 2978 sede
689 2922 1012 2995 Constantinopolitano

182 3009 351 3070 curavimus
365 3009 541 3066 mittendum
557 3010 591 3066 ad
612 3014 741 3067 vestram
767 3012 962 3082 sanctitatem,
979 3017 1012 3070 ut

1084 1845 1124 1897 διδ
1134 1846 1178 1906 τῆς
1188 1846 1258 1910 ὑμῶν
1272 1847 1329 1914 περὶ
1338 1849 1413 1899 αὐτόν
1429 1851 1558 1917 φροντίδος
1571 1851 1677 1908 ἅπαντας
1691 1851 1735 1917 μὲν
1748 1853 1885 1914 πεισθεῖεν,

1081 1935 1121 1984 ότι
1142 1935 1250 1999 γνησίως
1269 1933 1362 1987 maen
1388 1939 1603 2005 προνοησάμενοι,
1624 1940 1666 1989 καί
1682 1945 1726 1990 νῦν
1742 1939 1788 2000 τὴν
1803 1941 1885 2002 αὐτὴν

1081 2020 1177 2090 ἔχοντες
1195 2024 1322 2091 διαμίνττε
1343 2026 1399 2094 περὶ
1419 2028 1494 2079 αὑτδν
1516 2028 1647 2095 φροντίδα,
1667 2030 1709 2080 καὶ
1737 2033 1772 2087 ὡς
1788 2033 1886 2083 luens·

1079 2109 1173 2163 λοῖντα
1194 2113 1220 2163 dt
1238 2119 1268 2178 τῇ
1290 2115 1483 2188 δκκλησιαστικῇ
1503 2117 1656 2169 καταπόσει
1680 2119 1884 2176 ’asareem

1081 2201 1178 2252 ἅπαντα
1194 2201 1306 2268 κυρῶσαι
1319 2205 1351 2253 τδι
1373 2207 1628 2273 παρακολουθήσαντα
1650 2207 1780 2274 δγγροίρως
1801 2209 1827 2260 ἐν
1852 2218 1883 2276 τῇ

1081 2291 1209 2367 ἁγιωτάτῃ
1226 2293 1268 2341 καὶ
1282 2293 1441 2358 οίκουμενίκη
1455 2295 1562 2362 συνόδῳ,
1575 2296 1617 2344 καί
1632 2295 1708 2346 αὑτόν
1723 2297 1748 2347 δὲ
1763 2298 1806 2347 τόν
1818 2318 1884 2364 προ·

1080 2382 1215 2446 ειρημίνων
1227 2380 1340 2447 περὶτοῦ
1354 2383 1443 2448 θρόνον
1460 2385 1504 2444 τῆς
1519 2387 1807 2443 Κωνσταντινουπόλεως
1820 2392 1882 2456 ὅρον

1081 2468 1267 2533 δσπουδοίσαμεν
1282 2469 1426 2521 ἁποστεῖλαι
1439 2473 1501 2538 πρός
1514 2474 1558 2532 τήν
1573 2475 1696 2541 ὑμετέραν
1715 2476 1881 2539 ἁγιωσύνην·

1080 2558 1121 2608 ίνα
1135 2559 1178 2625 ἔχη
1191 2575 1218 2609 τε
1229 2558 1327 2622 είδέναι,
1344 2561 1378 2617 or
1388 2561 1470 2626 εὑχαῖς
1481 2562 1535 2619 ταῖς
1548 2564 1679 2631 ὑμετέραις
1697 2552 1810 2623 1135
1829 2571 1883 2619 θεο·

1080 2647 1164 2712 σόφως
1176 2647 1272 2699 ἅπαντα
1287 2649 1454 2714 ᾠκονόμηται,
1467 2651 1508 2702 κοιλ
1523 2651 1714 2718 παρακαλοῦμεν
1733 2655 1881 2725 πρόσφορον

1080 2737 1208 2803 ἁπόκρισιν
1224 2737 1337 2793 δέξασθαι
1357 2738 1464 2799 δκὰστην
1485 2741 1610 2802 ὑπόθεσιν,
1631 2742 1793 2802 διδάσκοντος
1811 2747 1882 2809 ὑμᾶς

1080 2825 1176 2875 ἅπαντα
1197 2829 1241 2876 τοῦ
1260 2826 1449 2890 θεοφιλεστάτου
1470 2826 1606 2879 δπισκόπον
1626 2830 1778 2893 Λουκιανοῦ,
1793 2829 1821 2890 δς
1837 2837 1880 2885 καὶ

1079 2914 1154 2972 αὑτός
1170 2916 1255 2981 παρὼν
1273 2921 1303 2978 τῇ
1323 2915 1381 2982 ἁγίᾳ
1399 2917 1505 2978 συνόδῳ,
1527 2917 1569 2968 καλ
1590 2919 1719 2987 δμφρόνως
1735 2923 1767 2972 τὰ
1784 2922 1879 2976 δυνατὰ

1080 3005 1225 3068 εἰσενεγκὼν
1246 3005 1281 3069 τῷ
1302 3005 1358 3071 περὶ
1381 3007 1425 3066 τῆς
1451 3006 1558 3064 πίστεως
1582 3009 1655 3075 ἡμῶν
1674 3010 1752 3074 ἁγῶνι
1774 3011 1877 3081 δπελέγη

181 3117 356 3178 cognoscere
369 3100 940 3174 possitquemadmouumvestriss¹au
948 3089 1046 3177 pre-G
1078 3095 1136 3160 παρ’
1160 3096 1232 3158 ἡμῖν
1259 3096 1461 3160 transmeantur
1490 3104 1519 3161 τό
1546 3098 1608 3165 πρὸς
1627 3099 1693 3164 ὑμᾶς
1715 3101 1753 3151 ἐπ’
1776 3102 1878 3167 δγαοοῖς

181 3191 264 3250 cibus
279 3207 314 3248 cx
327 3189 426 3246 divim
439 3188 584 3263 sapientia
604 3190 703 3247 omnia
728 3191 848 3247 luerunt
870 3197 1009 3266 paracte;

178 3281 425 3353 vehementerque
435 3278 619 3336 obtestemur
632 3285 834 3355 uteongruam
846 3283 1010 3356 responsio·

179 3360 247 3430 nem
263 3369 384 3445 recipiat
409 3384 594 3441 unaquaque
618 3369 789 3442 propositio,
820 3371 943 3427 docente
957 3387 1010 3428 vos

179 3461 279 3519 omnia
295 3457 345 3516 Dei
353 3456 557 3515 amantissimo
565 3457 701 3532 episcopo
709 3459 902 3533 Lucian0,qui
910 3460 1009 3533 etipse

179 3566 308 3624 presens
323 3551 424 3606 sancto
440 3547 575 3617 concilio,
592 3551 621 3603 et
635 3564 752 3605 summa
769 3565 836 3604 curn
853 3549 1009 3622 prudentia

180 3657 233 3714 pro
246 3637 324 3695 virili
339 3641 423 3712 parte
432 3635 707 3694 allaboransnostro
716 3636 813 3694 studio
827 3654 897 3712 erga
907 3639 1006 3694 tldom.

181 3712 292 3786 clectus
307 3732 380 3784 esta
394 3726 490 3794 nohis,
506 3727 538 3781 ut
552 3725 625 3781 bone
639 3742 673 3782 ac
682 3724 805 3783 feliciter
819 3725 911 3783 nostri
927 3727 1009 3783 obse·

182 3816 244 3890 quii
259 3832 329 3889 erga
341 3813 729 3886 uosviccssusciperet‚cum
744 3815 834 3871 sitvir
848 3815 1005 3888 perlectus,

1078 3184 1203 3250 διακονίᾳ·
1223 3184 1285 3248 ἀνὴρ
1310 3185 1399 3241 τέλειος
1418 3186 1546 3252 ὑπάρχεινν,
1567 3187 1619 3245 τοῖς
1638 3205 1666 3238 τε
1686 3191 1877 3252 εὐειδεστάτους

1078 3272 1120 3322 καλ
1139 3272 1302 3338 φιλοχρίστοις
1324 3274 1395 3337 ἡμῶν
1414 3276 1553 3339 βασιλεῦσιν
1577 3272 1670 3327 ἄνωθεν
1696 3278 1777 3342 pater·
1798 3282 1873 3352 όνπερ

1077 3362 1253 3411 ἀπολαύσαντα
1283 3362 1326 3420 τῆς
1348 3363 1469 3428 ὑμετέρας
1491 3362 1645 3426 ἂγαδότητος
1668 3367 1788 3433 χαίροντα
1811 3372 1874 3436 πρός

1077 3451 1142 3512 ἡμᾶς
1154 3448 1276 3512 ἐκπέμψαι
1289 3450 1468 3505 καταῖιώσατε.
1488 3454 1576 3502 uaeas
1594 3455 1637 3513 τὴν
1654 3455 1700 3504 σὺν
1719 3464 1749 3523 τῇ
1763 3460 1872 3526 ὑμετέρα

1077 3537 1239 3602 μακαριότητι
1256 3538 1280 3587 δν
1298 3539 1402 3605 Χριστῷ
1427 3540 1581 3604 ἀδελφότητα
1599 3541 1649 3607 δγώ
1663 3560 1701 3605 τε,
1720 3545 1764 3595 καὶ
1781 3547 1804 3597 οί
1824 3549 1869 3597 σὺν

1077 3625 1132 3688 ἐμοὶ
1145 3626 1246 3675 πλεῖστα
1257 3627 1486 3695 προσαγορεὺομεν.
1511 3630 1666 3697 'Epponinae
1679 3632 1704 3683 δν
1719 3635 1813 3701 Κυρίαις
1828 3637 1869 3687 καί

1075 3716 1271 3782 ὑπερευχόμενος
1291 3719 1371 3780 ἡμῶν,
1391 3719 1530 3787 χαρισθείης
1545 3721 1613 3784 ἡμῖν,
1637 3722 1812 3787 θεοφιλέστατε
1829 3725 1868 3775 καί

1076 3805 1248 3864 μακαριώτατε
1261 3808 1354 3865 Πάτερ.

181 3907 270 3977 atqua
281 3900 424 3977 piissimis
436 3906 465 3956 ct
479 3902 804 3959 christiamantissimis
818 3903 1474 3979 nostrisimperatoribusjamdudumamicus,
1488 3915 1889 3990 quemvestrabonitategau,

182 3994 313 4063 dentem,
329 3990 427 4048 latum
443 3991 479 4046 ad
496 4007 549 4046 noa
565 3992 681 4047 mittere
696 3991 869 4063 dignemini.
880 3996 982 4049 lotam
995 3996 1208 4054 fraternitatem
1220 4015 1286 4053 cum
1300 4000 1746 4061 vestrabeatitudineinChristo
1758 4011 1891 4080 etego,et

181 4082 232 4157 qui
247 4097 363 4140 mecum
378 4082 447 4135 sunt
461 4077 623 4154 plurimum
639 4079 815 4151 salutamus,
831 4081 989 4140 Incolumis
1005 4082 1035 4141 in
1052 4085 1186 4153 Domino,
1202 4091 1231 4142 et
1242 4104 1294 4159 pro
1311 4088 1632 4159 noblsorans,donsris
1642 4091 1740 4149 nobis.
1756 4094 1815 4152 Deo
1826 4094 1889 4151 cha·

178 4169 296 4231 rissima
310 4172 339 4228 et
353 4167 523 4227 beatissime
537 4166 631 4224 Pater.

444 4328 621 4387 EPISTOLA
636 4329 674 4399 (d)
687 4329 745 4387 Cll.

361 4421 397 4493 (e)
412 4436 448 4477 m
468 4435 620 4476 srrscoros
639 4436 817 4477 ααααιεααιι.

370 4512 408 4566 lle
421 4509 597 4567 damnatione
612 4509 811 4566 haereticorum.

175 4600 322 4661 Sraorsrs.
338 4629 374 4640 -
386 4600 408 4654 l,
425 4598 459 4654 Se
477 4598 619 4654 Gallorum
646 4600 834 4671 episcoporum
860 4602 1003 4671 epistolem

211 4670 313 4727 coelesti
326 4669 450 4726 doctrino
464 4670 575 4739 plenam
584 4673 718 4741 accepisse
728 4673 849 4726 nuntiet.
865 4700 899 4711 -
915 4671 950 4726 ll.
965 4674 1004 4728 lle

210 4741 313 4813 synodo
328 4742 506 4796 aeeumenira.
523 4743 657 4797 Humanis
669 4743 701 4798 dc
715 4741 769 4812 ride
783 4743 939 4798 ratiociniis
960 4744 1002 4798 to-

211 4828 275 4870 rum
289 4827 345 4868 esse
359 4811 531 4868 condecere.
547 4842 582 4853 —
597 4812 644 4868 lll.
665 4815 782 4870 Nestorii
808 4818 834 4870 ct
848 4815 1002 4885 Entyclrctis

213 4963 309 5036 (atad
324 4961 435 5046 legatos
451 4961 597 5031 pontificis
612 4962 672 5018 haec
686 4964 863 5036 referuntur,
879 4965 957 5022 sicut
975 4972 1003 5023 et

177 5034 339 5120 sequeutia,
355 5050 427 5108 epaon
442 5035 887 5094 henorectmnnernnarcuerentio
895 5039 1003 5109 eliquati

175 5124 272 5164 eamus.

178 5182 181 5186 ’
212 5178 250 5251 (b)
266 5177 782 5250 Concinuntquaidemllnatoliusad
793 5181 1003 5238 Leonemdoin·

176 5265 245 5323 ceps
260 5249 378 5324 arripnit
391 5250 476 5323 epist.
493 5251 553 5305 132.
569 5266 632 5321 cap.
643 5251 676 5307 [ιι
693 5251 761 5306 Cnm
775 5260 800 5307 et
814 5254 854 5307 σία
867 5260 1003 5323 pestorano

174 5322 216 5376 uia
230 5336 323 5377 omnes
331 5326 357 5377 et
366 5321 702 5392 coerfirmotieeuetoritcri
713 5330 812 5379 vestrm
825 5323 1003 5380 beatitudinis

175 5392 262 5462 tuerit
275 5397 420 5448 reseruata.

211 5462 248 5532 (c)
264 5461 820 5534 lnGraecoquidcmlegituraaratntearr,
836 5465 1000 5533 diprremini.

175 5531 212 5611 At
227 5531 358 5601 syntaxis
373 5538 400 5587 et
408 5550 513 5589 sensus
523 5534 679 5607 legendum
691 5535 818 5591 ostendit
832 5545 1002 5607 νοπαξιώσεπι,

175 5599 361 5668 deputabimini
370 5602 424 5657 :da
440 5605 769 5675 approbationeanimet
783 5608 1002 5666 confirmatione

1024 4336 1048 4403 D
1097 4335 1224 4405 doqmate
1256 4338 1344 4392 ariter
1358 4337 1416 4394 cire
1440 4338 1584 4422 Ῑιιρίοπόα.
1601 4340 1695 4397 -1v.
1712 4342 1885 4414 δακνόμενοι

1098 4408 1219 4479 epirote
1269 4411 1329 4464 onis
1354 4424 1529 4477 conseruisse,
1542 4420 1569 4467 et
1598 4413 1745 4469 Diaconum
1770 4416 1884 4486 prescri-

1094 4481 1190 4551 psisre.
1206 4511 1241 4521 —
1256 4480 1290 4535 V.
1306 4481 1344 4536 lte
1358 4480 1401 4535 tn
1415 4482 1542 4538 omnibns
1556 4485 1663 4552 pretias
1676 4485 1730 4540 uec
1738 4502 1797 4543 esse
1807 4503 1886 4556 αρσι-

1094 4551 1162 4616 ιίαες
1175 4567 1227 4622 pro
1239 4552 1388 4622 nortorum
1402 4552 1495 4608 redita
1504 4555 1813 4616 orandum,·uictericm
1825 4556 1886 4630 fidei

1093 4623 1222 4693 Hisponis
1234 4638 1284 4695 per
1300 4622 1390 4679 Gallos
1404 4640 1461 4680 esse
1475 4626 1671 4682 nuntiandam,

1059 4744 1112 4800 lso
1132 4744 1269 4801 Romana
1285 4744 1368 4802 urbis
1382 4745 1549 4819 episcopus,
1566 4747 1729 4816 Rauranum,
1753 4749 1883 4817 llusrtco,

1092 4815 1883 4893 Vensaro,(t)Cousranrmuo,ltlax1uo,(pidausnraaro,

1057 4972 1188 5024 actorum
1206 4985 1223 5023 a
1237 4969 1331 5025 Leone
1346 4969 1512 5040 praestanda
1527 4970 1636 5043 agitur.

1093 5040 1132 5109 (a)
1149 5039 1278 5096 :ilias77.
1294 5041 1565 5104 eraeautemantea
1577 5044 1629 5097 102
1644 5045 1716 5112 crat,
1734 5045 1879 5100 nuncl3l.

1057 5111 1172 5182 Scripta
1185 5114 1219 5166 27
1234 5112 1367 5167 tannarii
1383 5129 1430 5167 an.
1445 5114 1508 5167 452.

1093 5182 1127 5254 (ct
1144 5184 1244 5238 instat
1259 5183 1288 5238 in
1305 5200 1376 5240 mss.
1392 5183 1505 5239 collect.
1522 5184 1566 5250 12,
1583 5187 1625 5251 18,
1645 5184 1680 5240 19
1694 5189 1724 5243 ct
1747 5189 1794 5255 24,
1806 5203 1838 5244 ac
1850 5185 1877 5240 in

1056 5253 1121 5311 Vat.
1137 5255 1200 5321 511,
1216 5253 1264 5310 cui
1279 5254 1442 5312 additiones
1458 5262 1645 5314 accesserunt
1659 5273 1695 5314 ex
1708 5258 1820 5316 collect.
1835 5258 1876 5314 21.

1057 5327 1109 5381 llst
1124 5326 1275 5397 responsio
1290 5325 1419 5398 epistolas
1433 5328 1477 5383 99.

1093 5399 1172 5465 (mlta
1187 5396 1251 5453 cod.
1264 5397 1375 5470 llatisp.
1385 5398 1451 5454 utin
1467 5397 1552 5469 epist.
1568 5398 1613 5471 99,
1624 5398 1680 5469 At,
1693 5402 1874 5458 Constantino.

1093 5470 1131 5573 ρρ)
1147 5468 1225 5524 ldcrn
1242 5470 1342 5537 codex,
1359 5471 1527 5526 Anactorie.

1118 5540 1197 5611 Lag,
1213 5548 1279 5612 ὑμῖν.

1092 5609 1197 5684 ‘Leg.‚
1213 5620 1382 5685 κατοξεοίσετι,
1398 5612 1441 5673 vel
1457 5622 1633 5682 κατηξιώσατο.
