4050 6175
141 323 181 389 ιθ
550 321 758 390 ΡιιιιιιιΔΤιΟ
780 321 999 390 caumatis
1021 323 1061 389 itt
1083 320 1188 388 HANG
1210 321 1440 390 bulliebant.
1804 320 1845 387 30

143 474 239 541 mum
268 456 429 522 adhibuit
457 460 527 523 lion
552 476 655 540 pauca
668 457 800 522 etiam
790 477 823 521 ιιι
851 457 1123 523 dissertationibus
1149 474 1187 521 ac
1214 458 1297 521 notis
1322 458 1449 541 adjecit,
1476 458 1592 543 quibua
1619 460 1741 543 priores
1770 478 1844 525 suas

141 559 315 622 ιιιιιιιιιιιι
330 577 349 621 ι
362 561 461 640 Lupo,
476 557 603 621 Baluzio
614 557 747 639 aliisquo
759 558 940 622 censoribus
949 563 1150 641 oppugnatas
1160 557 1329 621 defendere
1339 563 1371 621 et
1379 558 1566 622 confirmare
1577 564 1613 621 οι
1623 578 1696 622 cum
1708 560 1843 624 maxime

141 657 226 719 nisus
242 663 306 720 est.

178 755 262 817 xxi
281 758 428 818 Nostram
453 753 671 817 editionemin
695 759 797 817 tomos
821 759 884 817 tres
905 754 1091 836 partiemur.
1117 753 1239 816 Primus
1264 758 1369 816 tomus
1390 754 1552 819 exhibebit
1574 756 1682 819 omnia
1706 757 1846 837 genuina

142 852 254 914 Leonis
282 855 398 934 Opera,
427 853 521 914 idest
549 853 717 915 Sermones
730 858 763 914 ιι
784 853 942 934 ιιριιιοιιι
969 852 1119 926 sinceras,
1134 852 1168 914 in
1193 852 1308 931 quibus
1336 853 1597 933 recognoscendis
1610 858 1643 916 et
1669 855 1842 917 emendan-

142 948 249 1012 disita
277 950 396 1013 uostris
423 949 583 1012 codicibus
610 949 660 1011 usi
673 968 792 1025 sumus,
813 956 848 1012 ut
870 949 1030 1023 Ouesuelli
1059 949 1154 1011 etiam
1181 950 1339 1012 sanantes
1366 950 1620 1031 expenderimus.
1648 952 1699 1014 Sic
1726 957 1758 1015 et
1786 971 1844 1014 no·

142 1059 208 1114 stra
224 1055 258 1111 et
285 1047 447 1121 Quasnalli
474 1045 669 1128 exemplaria
696 1047 736 1109 ad
764 1046 847 1110 hauc
876 1048 1045 1111 editionem
1071 1048 1299 1128 perficiendum
1326 1048 1540 1111 contulerunt.
1569 1049 1784 1125 Praeiationes,
1814 1055 1847 1112 et

144 1147 392 1220 admonitiones,
421 1144 477 1207 ubi
503 1163 583 1226 opus
607 1146 678 1220 luit,
707 1146 929 1226 premisimus.
958 1146 1186 1209 annotationes
1215 1147 1420 1209 Sermonibus
1448 1164 1484 1208 ac
1510 1147 1660 1228 Epistolis
1696 1146 1846 1228 subjecte

143 1245 403 1313 emendationum
433 1243 587 1306 rationem
615 1243 761 1319 reddent,
790 1249 822 1306 et
844 1244 1004 1307 venantes
1033 1244 1181 1307 lectiones
1208 1249 1275 1307 turn
1304 1251 1497 1319 nostrorum,
1525 1252 1593 1308 tum
1621 1246 1780 1319 Quasnelli
1799 1264 1849 1308 co-

143 1348 250 1408 dicum
278 1348 427 1405 accurale
449 1340 672 1420 designabunt,
702 1348 733 1404 ιι
755 1342 859 1423 ipsum
888 1342 1046 1423 pontilicis
1073 1349 1207 1417 textum,
1237 1344 1293 1405 ubi
1320 1344 1461 1424 indigere
1488 1344 1573 1406 visus
1608 1350 1667 1416 est,
1705 1345 1845 1406 illustra·

144 1445 239 1508 bunt.
254 1445 289 1505 lu
318 1434 477 1502 bisetiam
507 1440 611 1503 locum
639 1439 878 1503 habebuntillae
903 1448 985 1503 notae
1013 1459 1093 1522 quas
1117 1440 1302 1513 Oueanellus
1316 1441 1520 1505 Sermonibua
1544 1442 1594 1505 vel
1608 1442 1757 1523 Epistolis
1770 1441 1847 1524 ipsis

144 1540 338 1624 quaudoque
352 1537 514 1619 apposuit,
541 1544 578 1602 ut
603 1538 757 1619 quidquid
784 1538 869 1601 iliius
888 1545 936 1601 ιιι
949 1557 1013 1601 non
1041 1538 1247 1601 desideretur.
1276 1540 1353 1602 (lum
1381 1558 1456 1602 raro
1470 1540 1496 1601 is
1526 1540 1730 1606 Sermouibas
1757 1560 1849 1623 quaa·

145 1640 220 1703 dem
245 1637 427 1700 notationes
450 1641 506 1698 aut
520 1635 662 1718 postillae
687 1637 927 1717 scurraeque
951 1637 1126 1717 longiorem
1150 1637 1395 1718 disputationem
1416 1639 1590 1719 postulant,
1613 1638 1726 1702 barum
1753 1658 1849 1703 causa

143 1743 215 1819 post
243 1735 415 1798 Sermones
443 1733 572 1795 edemus
601 1732 822 1797 Observationes
852 1740 975 1796 nostras
997 1734 1031 1795 in
1060 1734 1205 1815 quaedam
1232 1735 1403 1816 peculiaria
1429 1736 1501 1798 loca
1523 1737 1848 1802 eorumdcmSerrno·

144 1854 220 1897 uum
234 1851 243 1908 ;
259 1838 293 1895 ιι
305 1831 340 1893 in
355 1831 404 1894 bia
418 1832 544 1894 insertae
571 1830 772 1894 invenientur
799 1837 983 1894 memoratae
1009 1832 1169 1905 Ouesnelli
1189 1833 1368 1896 notationes
1390 1833 1440 1896 vel
1466 1833 1611 1915 postillae,
1641 1835 1766 1899 sicutet
1779 1836 1848 1899 lau-

143 1933 219 1995 datu
244 1929 404 2011 Giampini
431 1928 621 2003 dissertatio,
638 1948 708 2010 quae
724 1930 763 1991 ad
780 1948 878 1992 unum
906 1948 1084 1993 sermonem
1108 1930 1330 1993 illustrandum
1356 1930 1503 2011 pertinet.
1533 1933 1702 1995 Sermones
1723 1934 1849 2011 dubios,

143 2031 193 2093 rel
209 2028 311 2092 unni
339 2028 423 2090 male
450 2026 572 2090 albatos
600 2028 715 2107 partim
744 2027 855 2103 editos,
886 2028 1072 2109 plerumque
1102 2033 1207 2091 autem
1236 2027 1371 2090 ineditos
1398 2027 1612 2108 rejecimusin
1642 2031 1849 2112 appendicem

144 2129 349 2200 Sermonum,
375 2124 409 2186 in
437 2123 528 2204 cujus
555 2124 740 2204 prelatione
755 2125 839 2188 inter
865 2132 979 2187 caetera
1007 2125 1121 2187 notitia
1146 2126 1278 2188 affertur
1305 2124 1439 2188 aliorum
1456 2126 1644 2190 Sermonum
1658 2129 1758 2210 quiin
1774 2149 1852 2194 non·
1873 2157 1875 2162 r

145 2225 241 2287 nuliis
256 2242 335 2286 mss.
350 2221 583 2303 exemplaribus
597 2222 694 2284 Leoni
709 2241 874 2304 perperam
887 2222 1026 2304 ascripti,
1040 2228 1073 2285 et
1086 2222 1154 2285 aliis
1168 2228 1263 2303 atque
1279 2223 1348 2286 aliis
1362 2224 1544 2288 auctoribus
1557 2225 1591 2286 in
1606 2225 1677 2288 aliis
1691 2228 1851 2290 codicibus

149 2322 305 2396 attributi,
322 2338 395 2382 cum
409 2319 493 2381 inter
506 2318 639 2381 aliorum
658 2319 787 2381 Petrum
811 2321 914 2401 Opera
943 2319 1128 2400 prodierint,
1159 2319 1322 2400 repetendi
1346 2339 1409 2384 non
1426 2322 1533 2397 iuere;
1558 2323 1677 2403 quibus
1695 2329 1801 2387 autem
1816 2325 1849 2388 in

143 2421 229 2483 libris
259 2417 340 2481 editi
368 2418 443 2489 siut,
467 2416 686 2479 indicavimus.
716 2417 829 2480 Leonis
855 2418 1013 2498 lipistolaa
1041 2418 1178 2497 excipiet
1206 2417 1383 2480 dissertatio
1407 2417 1586 2499 ιιιριὶιιοιιι
1599 2418 1760 2501 deperditis
1785 2431 1846 2484 tum

145 2518 178 2581 S.
193 2518 305 2580 ιιιιιίι
318 2515 361 2578 od
370 2514 523 2588 olisatum
535 2514 663 2576 oliorum
673 2513 714 2576 ori
728 2515 903 2593 S.Leonem,
913 2534 949 2577 cc
961 2514 996 2577 de
1009 2513 1078 2577 otiis
1092 2522 1286 2577 monumentis
1299 2513 1341 2575 od
1353 2514 1490 2595 epistolas
1501 2517 1728 2598 pertenentibus,
1743 2519 1845 2601 tapo-

144 2618 207 2679 sitri
221 2613 572 2693 ordrbecdronoioqiroJ
603 2613 808 2676 ubiLeoniua
839 2615 1016 2693 fragmenta
1045 2632 1116 2693 quae
1145 2617 1314 2693 supersunt
1339 2612 1527 2675 inserentur.
1556 2615 1712 2695 Sequetur
1735 2616 1849 2694 notitia

146 2714 349 2777 decretorum
388 2730 459 2791 quse
495 2710 590 2772 Leoni
630 2712 663 2772 iu
701 2711 878 2773 Poutiiicali
914 2711 995 2774 libro
1036 2711 1229 2773 tribuuntur.
1266 2710 1406 2773 'l'andem
1447 2713 1605 2792 appendix
1643 2712 1850 2795 epistolarum

146 2813 179 2876 S.
196 2811 314 2875 Leonis
328 2809 447 2889 Magni,
465 2808 587 2889 aliquot
601 2809 721 2870 litteras
744 2809 968 2890 supposititias,
988 2809 1113 2890 aliaque
1128 2809 1318 2870 documenta
1332 2807 1373 2870 ad
1386 2808 1544 2890 ilpistolas
1558 2808 1749 2891 pertinentia
1764 2831 1851 2875 com·

148 2908 341 2991 prehendet,
359 2925 430 2988 qure
444 2906 528 2970 inter
541 2905 610 2977 eius
623 2906 778 2988 Epistulas
793 2906 977 2969 collocamla
992 2925 1055 2969 non
1070 2908 1210 2969 fuerunt.

184 3007 285 3070 xxii.
316 3007 435 3067 Tamus
462 3004 617 3068 secundus
645 3004 808 3066 exhibebit
836 3005 1042 3086 appendicem
1084 3003 1290 3086 prolixiorum
1326 3006 1463 3085 Operum
1491 3023 1564 3086 quta
1589 3006 1686 3068 ueni
1714 3009 1852 3091 moripta

146 3106 247 3167 luere.
277 3104 385 3166 Primo
413 3102 525 3166 edetur
551 3103 840 3165 sacramentarium
869 3104 1011 3165 omnium
1038 3101 1294 3176 vetustissimum,
1324 3102 1488 3165 Leoninum
1514 3103 1547 3164 iu
1575 3103 1711 3184 vulgatis
1738 3107 1851 3188 appel-

147 3204 259 3276 latum,
278 3220 318 3263 ιο
346 3198 432 3281 quod
460 3201 557 3263 Leoni
585 3198 752 3262 tribuatur.
782 3202 966 3262 interserta
993 3200 1089 3281 hujus
1115 3199 1273 3280 pontilicis
1301 3201 1404 3282 Opera
1432 3200 1542 3263 referri
1565 3219 1628 3264 non
1646 3202 1761 3283 potuit,
1777 3223 1850 3268 cum

147 3320 206 3363 nec
228 3298 424 3379 omniaque
448 3296 481 3358 in
511 3316 548 3360 ιο
573 3297 774 3360 continentur
795 3298 910 3360 Leonis
937 3299 1012 3372 sint,
1030 3317 1086 3360 nec
1114 3297 1214 3378 ipsius
1228 3296 1452 3378 compingendi
1480 3302 1590 3360 auctor
1612 3299 1696 3362 idem
1708 3303 1853 3382 pontifex

148 3396 306 3479 appellari
320 3400 404 3457 certo
434 3401 542 3474 queat.
558 3397 598 3457 ιιι
613 3413 685 3456 cum
712 3396 858 3475 quasdam
886 3397 1029 3459 Leuuina
1054 3396 1086 3458 in
1104 3414 1141 3458 ιο
1170 3397 1288 3458 ιιιιιιιι
1314 3396 1473 3476 legantur,
1498 3415 1538 3458 ex
1568 3396 1796 3478 quibuchoni
1819 3400 1852 3463 in

147 3494 240 3557 editis
268 3491 486 3573 adjudicatum
515 3492 583 3566 fuit,
612 3493 716 3554 omitti
744 3511 807 3556 non
836 3492 946 3556 debuit
973 3494 1005 3555 iu
1028 3493 1203 3574 appendice
1217 3494 1250 3555 in
1266 3512 1329 3574 qua
1356 3493 1479 3556 edenda
1499 3495 1629 3556 luerunt
1655 3496 1719 3558 alia
1746 3499 1852 3579 Opera

147 3592 245 3654 leam
273 3590 404 3666 tributa,
434 3607 506 3670 quae
534 3588 614 3650 nihii
641 3589 816 3652 Leoninum
846 3590 1017 3654 certissime
1046 3591 1219 3652 continent.
1247 3591 1283 3653 ld
1310 3594 1415 3651 autern
1447 3590 1546 3652 multo
1574 3593 1676 3671 magis
1707 3600 1776 3657 erat
1803 3597 1852 3658 sa·

150 3688 309 3762 ciendum,
337 3687 413 3768 quia
449 3685 634 3760 Quesnellue
664 3692 727 3749 tres
764 3688 965 3768 praelationes
1001 3689 1098 3751 veluti
1134 3688 1290 3750 Leouinas
1326 3686 1359 3748 iu
1392 3687 1478 3749 calce
1514 3690 1703 3751 Sermonum
1740 3691 1850 3766 edidit,

154 3802 286 3866 quarum
312 3785 386 3846 duae
412 3783 446 3845 in
474 3801 512 3845 ea
547 3783 687 3864 ejusdem
717 3784 962 3848 Sacramentarii
989 3791 1079 3867 parte
1107 3805 1178 3867 qnae
1207 3790 1351 3865 superest
1378 3784 1591 3859 inveniuntur,
1621 3786 1747 3849 tertiam
1775 3808 1851 3863 vero

149 3883 184 3945 in
211 3901 248 3945 ea
275 3888 366 3963 parte
396 3900 468 3963 quae
494 3880 665 3955 intercidit,
693 3883 848 3946 exstitisse
878 3883 1085 3965 probabiliter
1112 3883 1280 3946 credimus.
1306 3883 1453 3946 Secundo
1480 3884 1612 3946 edemus
1646 3884 1729 3948 duos
1755 3886 1853 3950 libros

148 3980 188 4043 de
215 3978 389 4043 vocatione
418 3977 560 4040 omniurn
595 3977 749 4057 gentium,
788 3978 936 4059 capitula
962 3998 1017 4042 seu
1054 3982 1264 4044 auctoritates
1293 3981 1332 4043 de
1357 3981 1463 4043 Gratia
1491 3986 1522 4043 ιι
1550 3982 1662 4045 Libero
1701 3984 1851 4060 Arbitrio,

149 4085 180 4141 ιι
208 4076 385 4159 Epistulam
424 4075 465 4137 ad
501 4074 657 4155 rugium
692 4076 938 4152 Demetriadem,
965 4095 1022 4140 seu
1056 4083 1227 4141 tractatum
1263 4079 1303 4141 de
1330 4078 1534 4155 Humilitate;
1564 4079 1680 4160 quibus
1706 4082 1854 4147 omnibus

149 4174 337 4250 Ouesnellus
364 4174 478 4237 Leonis
511 4191 627 4235 nornen
665 4173 812 4253 prefixit.
842 4176 917 4236 llaec
952 4174 992 4237 ad
1029 4194 1103 4237 mss.
1140 4175 1262 4238 codices
1302 4176 1553 4256 recognovimus,
1594 4196 1730 4258 quorum
1769 4199 1853 4261 pra·

149 4274 231 4335 sidio
260 4290 334 4334 cum
372 4290 438 4334 non
466 4289 568 4351 pauca
595 4270 843 4347 emendarimus,
874 4277 940 4333 tum
979 4273 1135 4334 nonnulla
1163 4274 1258 4335 etiam
1297 4291 1368 4354 quae
1396 4272 1513 4335 alicubi
1553 4274 1685 4337 deerant
1724 4277 1852 4360 supple·

148 4372 264 4433 umus.
294 4368 486 4450 Subjicietur
510 4368 705 4431 Brevioribus
732 4368 874 4432 aduersas
901 4370 1052 4432 hereticos
1093 4370 1183 4453 (alias
1209 4375 1356 4433 vocatum
1391 4371 1584 4433 Breviorium
1611 4371 1686 4453 fidei
1713 4372 1854 4439 adverus

145 4467 306 4549 Anonos),
335 4467 421 4548 quod
457 4469 493 4529 P.
526 4466 713 4529 Sirmoudus
751 4466 820 4530 sinc
847 4467 985 4530 auctoris
1010 4468 1138 4531 nomine
1166 4468 1283 4531 edidit:
1324 4469 1421 4531 Leoni
1457 4469 1540 4531 enim
1578 4476 1732 4533 assertum
1764 4472 1837 4536 inve

146 4569 256 4631 nimus
283 4567 316 4627 in
343 4566 468 4629 duobus
495 4565 640 4646 antiquis
676 4563 838 4626 codicibus
876 4566 1029 4628 Patavina
1056 4572 1152 4647 atque
1180 4565 1415 4642 Mediolanensi,
1444 4565 1500 4647 qui
1528 4566 1649 4648 aliquot
1684 4570 1853 4635 correctio·

145 4685 205 4729 nes
232 4663 407 4746 prebuere.
438 4666 502 4726 Cur
528 4669 635 4727 autem
662 4662 748 4725 huuc
776 4681 840 4724 non
878 4663 960 4725 inter
987 4664 1106 4735 Leonis,
1127 4666 1251 4744 Opera,
1267 4663 1322 4724 sed
1350 4662 1433 4726 inter
1461 4664 1661 4746 supposititia
1680 4680 1852 4732 ‘recensue-

145 4762 262 4835 rimas,
277 4779 317 4823 ex
342 4778 506 4841 praemissa
519 4760 735 4823 admonitione
748 4752 855 4841 putrb
858 4766 879 4825 ιι
889 4762 986 4823 eost
999 4751 1355 4855 increpuisset
1380 4760 1466 4841 quod
1490 4761 1678 4835 Οοιιιιιιιιιι
1704 4782 1769 4826 suas
1785 4765 1851 4827 edi·

147 4859 232 4922 tioni
259 4858 405 4920 inseruit.
435 4860 469 4921 S.
499 4858 611 4920 liilarii
636 4856 827 4920 Arelatensis
845 4846 941 4933 Vita',
964 4863 996 4920 et
1024 4840 1175 4938 ejusdem
1194 4857 1352 4938 opuscula
1379 4857 1515 4937 (duobus
1543 4877 1600 4941 per
1622 4878 1682 4924 nos
1709 4860 1853 4943 adjectis)

145 4975 221 5018 cum
247 4955 370 5034 aliquot
396 4972 472 5016 mss.
500 4955 758 5041 exemplaribus
762 4955 878 5039 collata
904 4961 938 5017 ιι
964 4956 1133 5018 emendata
1142 4954 1347 5037 prodibunt
1373 4955 1429 5025 ilic
1457 4956 1738 5037 appendicisfinis.
1755 4962 1852 5021 Porro

146 5058 183 5117 ut
197 5052 360 5126 Quesnclli
383 5052 628 5127 lucubrationes,
659 5028 928 5135 qrierix'admodriini
953 5025 1202 5134 ipepondimbs,
1211 5038 1283 5114 ιιι
1285 5054 1340 5114 ιιι
1358 5040 1417 5114 edi
1410 5052 1500 5116 tioni
1519 5053 1708 5132 inserantur,
1728 5074 1767 5118 ex
1781 5073 1852 5116 sex·

143 5151 250 5214 discim
266 5149 336 5230 ejus
359 5149 633 5212 dissertationibus
660 5149 804 5211 undecim
829 5148 889 5211 boc
913 5156 999 5213 tomo
1024 5151 1224 5226 recudeutur,
1250 5169 1321 5232 quas
1343 5149 1391 5212 vel
1414 5150 1454 5212 ad
1475 5153 1625 5228 Leonam,
1641 5154 1691 5215 rel
1713 5151 1753 5213 ad
1769 5169 1851 5231 pras·

145 5251 363 5329 missquera
378 5247 555 5329 pertinent;
585 5253 707 5309 caetera
736 5248 819 5308 enim
848 5248 988 5328 quinque
1016 5254 1218 5311 reservantur
1245 5255 1331 5311 tomo
1360 5249 1463 5322 tertio,
1480 5251 1617 5331 eoquod
1643 5252 1785 5329 spectent
1811 5250 1852 5311 ad

143 5347 295 5411 Godicem
324 5347 488 5408 (lenonum
504 5352 536 5408 ιι
563 5345 830 5408 constitutionum
857 5347 1038 5429 apostolicae
1062 5347 1156 5420 sedis,
1180 5364 1275 5427 quem
1305 5347 1338 5407 ia
1364 5352 1486 5411 tomum
1516 5349 1642 5410 tertium
1671 5344 1851 5425 rejecimus.

143 5444 265 5526 Gaique
279 5443 506 5519 dissertationi,
534 5461 606 5505 cum
627 5441 820 5524 precipuum
835 5442 976 5505 theruaa
1003 5444 1171 5517 Quesnello
1199 5445 1396 5526 propositum
1425 5446 1631 5508 refellendum
1660 5444 1731 5518 erit,
1749 5446 1849 5529 subJ'i·

144 5543 269 5605 cientur
282 5541 520 5606 observationes
537 5561 608 5623 quae
624 5540 852 5603 dissertationis
873 5542 1023 5604 censorie
1051 5543 1151 5606 ricem
1179 5547 1301 5622 gerent.
1331 5542 1391 5606 Ubi
1420 5547 1525 5604 autem
1555 5543 1703 5623 quadam
1726 5550 1852 5608 tautum

143 5640 177 5702 iu
204 5640 479 5705 dissertationibus
505 5640 693 5722 corrigenda
721 5644 775 5701 aut
811 5639 1028 5704 confirmanda
1061 5645 1163 5716 erunt,
1194 5639 1373 5703 ιιοιιιιοιιιι
1399 5639 1432 5700 in
1461 5638 1547 5703 culce
1575 5641 1763 5725 paginarum
1793 5661 1852 5725 ap·
