<?xml version="1.0" encoding="UTF-8"?>
<!DOCTYPE html PUBLIC "-//W3C//DTD XHTML 1.0 Transitional//EN"
    "http://www.w3.org/TR/xhtml1/DTD/xhtml1-transitional.dtd">
<html xmlns="http://www.w3.org/1999/xhtml" xml:lang="en" lang="en">
 <head>
  <title>
</title>
<meta http-equiv="Content-Type" content="text/html;charset=utf-8" />
  <meta name='ocr-system' content='tesseract 3.04.00' />
  <meta name='ocr-capabilities' content='ocr_page ocr_carea ocr_par ocr_line ocrx_word'/>
</head>
<body>
  <div class='ocr_page' id='page_1' title='image "./patrologiaecurs30goog/patrologiaecurs30goog_0012.png"; bbox 0 0 4050 6175; ppageno 0'>
   <div class='ocr_carea' id='block_1_1' title="bbox 201 316 1900 388">
    <p class='ocr_par' dir='ltr' id='par_1_1' title="bbox 201 316 1900 388">
     <span class='ocr_line' id='line_1_1' title="bbox 201 316 1900 388; baseline -0.004 0"><span class='ocrx_word' id='word_1_1' title='bbox 201 323 239 388; x_wconf 86' lang='lat' dir='ltr'><em>tt</em></span> <span class='ocrx_word' id='word_1_2' title='bbox 788 316 979 384; x_wconf 77' lang='lat' dir='ltr'><em>Eets&#39;toia</em></span> <span class='ocrx_word' id='word_1_3' title='bbox 1002 321 1318 388; x_wconf 76' lang='lat' dir='ltr'><em>NaNoUPsrotsts.</em></span> <span class='ocrx_word' id='word_1_4' title='bbox 1864 322 1900 381; x_wconf 73' lang='lat'><em>{2</em></span> 
     </span>
    </p>
   </div>
   <div class='ocr_carea' id='block_1_2' title="bbox 202 452 1913 5324">
    <p class='ocr_par' dir='ltr' id='par_1_2' title="bbox 203 452 1908 2184">
     <span class='ocr_line' id='line_1_2' title="bbox 204 452 1903 538; baseline -0.002 -19"><span class='ocrx_word' id='word_1_5' title='bbox 204 458 300 521; x_wconf 84' lang='lat' dir='ltr'><em>solem</em></span> <span class='ocrx_word' id='word_1_6' title='bbox 323 454 497 538; x_wconf 88' lang='lat' dir='ltr'><em>inaqnitudo</em></span> <span class='ocrx_word' id='word_1_7' title='bbox 519 455 626 538; x_wconf 82' lang='lat' dir='ltr'><em>aperis,</em></span> <span class='ocrx_word' id='word_1_8' title='bbox 649 463 677 514; x_wconf 91' lang='lat' dir='ltr'><em>et</em></span> <span class='ocrx_word' id='word_1_9' title='bbox 697 453 802 533; x_wconf 88' lang='lat' dir='ltr'><em>maqni</em></span> <span class='ocrx_word' id='word_1_10' title='bbox 834 452 1002 516; x_wconf 84' lang='lat' dir='ltr'><em>aduersarii</em></span> <span class='ocrx_word' id='word_1_11' title='bbox 1022 455 1149 517; x_wconf 82' lang='lat' dir='ltr'><em>eruditio</em></span> <span class='ocrx_word' id='word_1_12' title='bbox 1170 476 1205 517; x_wconf 92' lang='lat' dir='ltr'><em>ac</em></span> <span class='ocrx_word' id='word_1_13' title='bbox 1227 457 1387 536; x_wconf 85' lang='lat' dir='ltr'><em>inqcniuni,</em></span> <span class='ocrx_word' id='word_1_14' title='bbox 1412 475 1512 518; x_wconf 89' lang='lat' dir='ltr'><em>oerum</em></span> <span class='ocrx_word' id='word_1_15' title='bbox 1539 456 1627 517; x_wconf 87' lang='lat' dir='ltr'><em>cti&#39;iim</em></span> <span class='ocrx_word' id='word_1_16' title='bbox 1648 468 1676 516; x_wconf 92' lang='lat' dir='ltr'><em>ct</em></span> <span class='ocrx_word' id='word_1_17' title='bbox 1697 454 1788 515; x_wconf 87' lang='lat' dir='ltr'><em>multa</em></span> <span class='ocrx_word' id='word_1_18' title='bbox 1808 456 1903 535; x_wconf 84' lang='lat' dir='ltr'><em>iriaqis</em></span> 
     </span>
     <span class='ocr_line' id='line_1_3' title="bbox 204 548 1905 636; baseline -0.004 -18"><span class='ocrx_word' id='word_1_19' title='bbox 204 553 394 618; x_wconf 74' lang='lat' dir='ltr'><em>imbecillitas</em></span> <span class='ocrx_word' id='word_1_20' title='bbox 415 563 529 629; x_wconf 90' lang='lat' dir='ltr'><em>nostra,</em></span> <span class='ocrx_word' id='word_1_21' title='bbox 551 551 638 632; x_wconf 78' lang='lat' dir='ltr'><em>cnjus</em></span> <span class='ocrx_word' id='word_1_22' title='bbox 657 548 871 632; x_wconf 72' lang='lat' dir='ltr'><em>nobismetipsis</em></span> <span class='ocrx_word' id='word_1_23' title='bbox 893 552 1003 614; x_wconf 86' lang='lat' dir='ltr'><em>conscii</em></span> <span class='ocrx_word' id='word_1_24' title='bbox 1023 573 1132 621; x_wconf 87' lang='lat' dir='ltr'><em>sumus,</em></span> <span class='ocrx_word' id='word_1_25' title='bbox 1155 573 1306 635; x_wconf 89' lang='lat' dir='ltr'><em>suspensos</em></span> <span class='ocrx_word' id='word_1_26' title='bbox 1328 553 1414 615; x_wconf 87' lang='lat' dir='ltr'><em>initio</em></span> <span class='ocrx_word' id='word_1_27' title='bbox 1429 563 1519 636; x_wconf 90' lang='lat' dir='ltr'><em>atque</em></span> <span class='ocrx_word' id='word_1_28' title='bbox 1532 552 1785 635; x_wconf 82' lang='lat' dir='ltr'><em>ancipitesaninio</em></span> <span class='ocrx_word' id='word_1_29' title='bbox 1800 551 1905 612; x_wconf 86' lang='lat' dir='ltr'><em>tinniit</em></span> 
     </span>
     <span class='ocr_line' id='line_1_4' title="bbox 211 648 1905 738; baseline -0.005 -20"><span class='ocrx_word' id='word_1_30' title='bbox 211 656 255 718; x_wconf 82' lang='lat' dir='ltr'><em>At</em></span> <span class='ocrx_word' id='word_1_31' title='bbox 274 652 421 716; x_wconf 87' lang='lat' dir='ltr'><em>voluntati</em></span> <span class='ocrx_word' id='word_1_32' title='bbox 440 659 469 712; x_wconf 89' lang='lat' dir='ltr'><em>et</em></span> <span class='ocrx_word' id='word_1_33' title='bbox 489 649 666 712; x_wconf 87' lang='lat' dir='ltr'><em>auctoritati</em></span> <span class='ocrx_word' id='word_1_34' title='bbox 680 656 739 709; x_wconf 82' lang='lat' dir='ltr'><em>tuae</em></span> <span class='ocrx_word' id='word_1_35' title='bbox 759 648 972 738; x_wconf 84' lang='lat' dir='ltr'><em>obsequendum</em></span> <span class='ocrx_word' id='word_1_36' title='bbox 991 651 1063 732; x_wconf 78' lang='lat' dir='ltr'><em>suit.</em></span> <span class='ocrx_word' id='word_1_37' title='bbox 1085 650 1147 712; x_wconf 84' lang='lat' dir='ltr'><em>Nos</em></span> <span class='ocrx_word' id='word_1_38' title='bbox 1168 661 1265 712; x_wconf 90' lang='lat' dir='ltr'><em>autem</em></span> <span class='ocrx_word' id='word_1_39' title='bbox 1286 660 1320 712; x_wconf 89' lang='lat' dir='ltr'><em>ut</em></span> <span class='ocrx_word' id='word_1_40' title='bbox 1339 652 1467 731; x_wconf 86' lang='lat' dir='ltr'><em>eriqeris</em></span> <span class='ocrx_word' id='word_1_41' title='bbox 1487 660 1576 733; x_wconf 89' lang='lat' dir='ltr'><em>atque</em></span> <span class='ocrx_word' id='word_1_42' title='bbox 1597 651 1742 732; x_wconf 81' lang='lat' dir='ltr'><em>reficeres,</em></span> <span class='ocrx_word' id='word_1_43' title='bbox 1766 669 1822 711; x_wconf 89' lang='lat' dir='ltr'><em>uon</em></span> <span class='ocrx_word' id='word_1_44' title='bbox 1836 649 1905 711; x_wconf 89' lang='lat' dir='ltr'><em>solis</em></span> 
     </span>
     <span class='ocr_line' id='line_1_5' title="bbox 210 745 1908 829; baseline -0.005 -14"><span class='ocrx_word' id='word_1_45' title='bbox 210 751 303 815; x_wconf 85' lang='lat' dir='ltr'><em>serbis</em></span> <span class='ocrx_word' id='word_1_46' title='bbox 324 768 394 811; x_wconf 90' lang='lat' dir='ltr'><em>usus</em></span> <span class='ocrx_word' id='word_1_47' title='bbox 414 767 453 828; x_wconf 89' lang='lat' dir='ltr'><em>es,</em></span> <span class='ocrx_word' id='word_1_48' title='bbox 480 748 533 811; x_wconf 86' lang='lat' dir='ltr'><em>scd</em></span> <span class='ocrx_word' id='word_1_49' title='bbox 551 758 632 811; x_wconf 88' lang='lat' dir='ltr'><em>tuum</em></span> <span class='ocrx_word' id='word_1_50' title='bbox 652 766 768 829; x_wconf 89' lang='lat' dir='ltr'><em>quoque</em></span> <span class='ocrx_word' id='word_1_51' title='bbox 787 747 923 809; x_wconf 83' lang='lat' dir='ltr'><em>auailum</em></span> <span class='ocrx_word' id='word_1_52' title='bbox 945 749 976 809; x_wconf 89' lang='lat' dir='ltr'><em>in</em></span> <span class='ocrx_word' id='word_1_53' title='bbox 997 747 1128 809; x_wconf 87' lang='lat' dir='ltr'><em>eamdem</em></span> <span class='ocrx_word' id='word_1_54' title='bbox 1148 747 1306 809; x_wconf 72' lang='lat' dir='ltr'><em>editionem</em></span> <span class='ocrx_word' id='word_1_55' title='bbox 1327 747 1489 811; x_wconf 78' lang='lat' dir='ltr'><em>contulisti.</em></span> <span class='ocrx_word' id='word_1_56' title='bbox 1514 747 1589 811; x_wconf 86' lang='lat' dir='ltr'><em>Cum</em></span> <span class='ocrx_word' id='word_1_57' title='bbox 1611 749 1688 810; x_wconf 89' lang='lat' dir='ltr'><em>enim</em></span> <span class='ocrx_word' id='word_1_58' title='bbox 1711 751 1742 809; x_wconf 89' lang='lat' dir='ltr'><em>in</em></span> <span class='ocrx_word' id='word_1_59' title='bbox 1762 745 1908 828; x_wconf 82' lang='lat' dir='ltr'><em>ejusmodi</em></span> 
     </span>
     <span class='ocr_line' id='line_1_6' title="bbox 207 842 1908 926; baseline -0.004 -15"><span class='ocrx_word' id='word_1_60' title='bbox 207 846 386 911; x_wconf 76' lang='lat' dir='ltr'><em>editionibus</em></span> <span class='ocrx_word' id='word_1_61' title='bbox 404 843 600 926; x_wconf 74' lang='lat' dir='ltr'><em>procurandis</em></span> <span class='ocrx_word' id='word_1_62' title='bbox 617 845 859 926; x_wconf 82' lang='lat' dir='ltr'><em>praestantiorum</em></span> <span class='ocrx_word' id='word_1_63' title='bbox 880 843 1011 906; x_wconf 87' lang='lat' dir='ltr'><em>codicum</em></span> <span class='ocrx_word' id='word_1_64' title='bbox 1032 842 1194 904; x_wconf 77' lang='lat' dir='ltr'><em>subsidium</em></span> <span class='ocrx_word' id='word_1_65' title='bbox 1206 844 1391 925; x_wconf 83' lang='lat' dir='ltr'><em>potissimum</em></span> <span class='ocrx_word' id='word_1_66' title='bbox 1406 846 1600 926; x_wconf 86' lang='lat' dir='ltr'><em>requiratur;</em></span> <span class='ocrx_word' id='word_1_67' title='bbox 1617 844 1798 906; x_wconf 90' lang='lat' dir='ltr'><em>tuVaticana</em></span> <span class='ocrx_word' id='word_1_68' title='bbox 1812 862 1908 905; x_wconf 75' lang='lat' dir='ltr'><em>ecem.</em></span> 
     </span>
     <span class='ocr_line' id='line_1_7' title="bbox 205 940 1905 1035; baseline -0.004 -27"><span class='ocrx_word' id='word_1_69' title='bbox 205 946 310 1030; x_wconf 87' lang='lat' dir='ltr'><em>plari&#39;a</em></span> <span class='ocrx_word' id='word_1_70' title='bbox 330 944 429 1006; x_wconf 91' lang='lat' dir='ltr'><em>statim</em></span> <span class='ocrx_word' id='word_1_71' title='bbox 450 942 667 1004; x_wconf 90' lang='lat' dir='ltr'><em>communicari</em></span> <span class='ocrx_word' id='word_1_72' title='bbox 677 941 806 1035; x_wconf 82' lang='lat' dir='ltr'><em>jussisti,</em></span> <span class='ocrx_word' id='word_1_73' title='bbox 829 951 916 1024; x_wconf 84' lang='lat' dir='ltr'><em>atque</em></span> <span class='ocrx_word' id='word_1_74' title='bbox 937 953 970 1002; x_wconf 90' lang='lat' dir='ltr'><em>ut</em></span> <span class='ocrx_word' id='word_1_75' title='bbox 991 940 1109 1004; x_wconf 86' lang='lat' dir='ltr'><em>collati&#39;o</em></span> <span class='ocrx_word' id='word_1_76' title='bbox 1143 941 1267 1022; x_wconf 77' lang='lat' dir='ltr'><em>facilior</em></span> <span class='ocrx_word' id='word_1_77' title='bbox 1287 950 1315 1002; x_wconf 90' lang='lat' dir='ltr'><em>et</em></span> <span class='ocrx_word' id='word_1_78' title='bbox 1334 941 1502 1024; x_wconf 73' lang='lat' dir='ltr'><em>expeditior</em></span> <span class='ocrx_word' id='word_1_79' title='bbox 1526 942 1622 1023; x_wconf 75' lang='lat' dir='ltr'><em>ficret,</em></span> <span class='ocrx_word' id='word_1_80' title='bbox 1645 961 1715 1004; x_wconf 91' lang='lat' dir='ltr'><em>raro</em></span> <span class='ocrx_word' id='word_1_81' title='bbox 1740 942 1905 1024; x_wconf 80' lang='lat' dir='ltr'><em>piu&#39;cileqio</em></span> 
     </span>
     <span class='ocr_line' id='line_1_8' title="bbox 206 1038 1906 1125; baseline -0.004 -19"><span class='ocrx_word' id='word_1_82' title='bbox 206 1063 252 1114; x_wconf 87' lang='lat' dir='ltr'><em>ea,</em></span> <span class='ocrx_word' id='word_1_83' title='bbox 274 1041 381 1125; x_wconf 88' lang='lat' dir='ltr'><em>quibus</em></span> <span class='ocrx_word' id='word_1_84' title='bbox 402 1039 612 1120; x_wconf 83' lang='lat' dir='ltr'><em>i‘udi&#39;qeremus,</em></span> <span class='ocrx_word' id='word_1_85' title='bbox 635 1038 752 1100; x_wconf 90' lang='lat' dir='ltr'><em>domum</em></span> <span class='ocrx_word' id='word_1_86' title='bbox 773 1039 889 1120; x_wconf 72' lang='lat' dir='ltr'><em>afferri,</em></span> <span class='ocrx_word' id='word_1_87' title='bbox 913 1048 941 1100; x_wconf 93' lang='lat' dir='ltr'><em>et</em></span> <span class='ocrx_word' id='word_1_88' title='bbox 962 1039 1106 1122; x_wconf 88' lang='lat' dir='ltr'><em>quamdiu</em></span> <span class='ocrx_word' id='word_1_89' title='bbox 1128 1059 1199 1121; x_wconf 87' lang='lat' dir='ltr'><em>opus</em></span> <span class='ocrx_word' id='word_1_90' title='bbox 1220 1049 1291 1101; x_wconf 90' lang='lat' dir='ltr'><em>esset</em></span> <span class='ocrx_word' id='word_1_91' title='bbox 1310 1041 1437 1101; x_wconf 88' lang='lat' dir='ltr'><em>retineri</em></span> <span class='ocrx_word' id='word_1_92' title='bbox 1455 1038 1625 1101; x_wconf 70' lang='lat' dir='ltr'><em>indulsisti:</em></span> <span class='ocrx_word' id='word_1_93' title='bbox 1648 1060 1685 1101; x_wconf 92' lang='lat' dir='ltr'><em>ac</em></span> <span class='ocrx_word' id='word_1_94' title='bbox 1701 1050 1849 1122; x_wconf 74' lang='lat' dir='ltr'><em>praetcrea</em></span> <span class='ocrx_word' id='word_1_95' title='bbox 1871 1048 1906 1099; x_wconf 91' lang='lat' dir='ltr'><em>ut</em></span> 
     </span>
     <span class='ocr_line' id='line_1_9' title="bbox 206 1136 1906 1220; baseline -0.004 -15"><span class='ocrx_word' id='word_1_96' title='bbox 206 1142 274 1205; x_wconf 89' lang='lat' dir='ltr'><em>aliis</em></span> <span class='ocrx_word' id='word_1_97' title='bbox 301 1158 339 1201; x_wconf 80' lang='lat' dir='ltr'><em>ea</em></span> <span class='ocrx_word' id='word_1_98' title='bbox 360 1137 493 1216; x_wconf 80' lang='lat' dir='ltr'><em>urbibus,</em></span> <span class='ocrx_word' id='word_1_99' title='bbox 517 1137 572 1200; x_wconf 90' lang='lat' dir='ltr'><em>ubi</em></span> <span class='ocrx_word' id='word_1_100' title='bbox 589 1139 657 1199; x_wconf 88' lang='lat' dir='ltr'><em>rari</em></span> <span class='ocrx_word' id='word_1_101' title='bbox 674 1146 766 1200; x_wconf 86' lang='lat' dir='ltr'><em>essent</em></span> <span class='ocrx_word' id='word_1_102' title='bbox 785 1146 874 1220; x_wconf 86' lang='lat' dir='ltr'><em>atque</em></span> <span class='ocrx_word' id='word_1_103' title='bbox 895 1137 1054 1200; x_wconf 76' lang='lat' dir='ltr'><em>inconsulti</em></span> <span class='ocrx_word' id='word_1_104' title='bbox 1073 1136 1195 1213; x_wconf 90' lang='lat' dir='ltr'><em>codices,</em></span> <span class='ocrx_word' id='word_1_105' title='bbox 1218 1148 1365 1200; x_wconf 82' lang='lat' dir='ltr'><em>accuratas</em></span> <span class='ocrx_word' id='word_1_106' title='bbox 1393 1136 1564 1200; x_wconf 81' lang='lat' dir='ltr'><em>collationes</em></span> <span class='ocrx_word' id='word_1_107' title='bbox 1592 1147 1820 1220; x_wconf 65' lang='lat' dir='ltr'><em>probarentur,</em></span> <span class='ocrx_word' id='word_1_108' title='bbox 1844 1138 1906 1218; x_wconf 86' lang='lat' dir='ltr'><em>ipse</em></span> 
     </span>
     <span class='ocr_line' id='line_1_10' title="bbox 203 1234 1903 1323; baseline -0.001 -24"><span class='ocrx_word' id='word_1_109' title='bbox 203 1258 261 1323; x_wconf 88' lang='lat' dir='ltr'><em>pro</em></span> <span class='ocrx_word' id='word_1_110' title='bbox 281 1236 465 1300; x_wconf 80' lang='lat' dir='ltr'><em>biemanitate</em></span> <span class='ocrx_word' id='word_1_111' title='bbox 484 1245 536 1298; x_wconf 88' lang='lat' dir='ltr'><em>tua</em></span> <span class='ocrx_word' id='word_1_112' title='bbox 557 1237 686 1317; x_wconf 74' lang='lat' dir='ltr'><em>effecisti,</em></span> <span class='ocrx_word' id='word_1_113' title='bbox 711 1235 782 1297; x_wconf 90' lang='lat' dir='ltr'><em>adeo</em></span> <span class='ocrx_word' id='word_1_114' title='bbox 803 1244 838 1297; x_wconf 88' lang='lat' dir='ltr'><em>ut</em></span> <span class='ocrx_word' id='word_1_115' title='bbox 857 1236 944 1298; x_wconf 83' lang='lat' dir='ltr'><em>eti‘am</em></span> <span class='ocrx_word' id='word_1_116' title='bbox 966 1236 997 1296; x_wconf 91' lang='lat' dir='ltr'><em>in</em></span> <span class='ocrx_word' id='word_1_117' title='bbox 1019 1234 1095 1298; x_wconf 84' lang='lat' dir='ltr'><em>lianc</em></span> <span class='ocrx_word' id='word_1_118' title='bbox 1115 1244 1245 1298; x_wconf 83' lang='lat' dir='ltr'><em>nostram</em></span> <span class='ocrx_word' id='word_1_119' title='bbox 1267 1234 1368 1296; x_wconf 88' lang='lat' dir='ltr'><em>urbem</em></span> <span class='ocrx_word' id='word_1_120' title='bbox 1389 1234 1585 1317; x_wconf 84' lang='lat' dir='ltr'><em>quorumdam</em></span> <span class='ocrx_word' id='word_1_121' title='bbox 1606 1236 1794 1317; x_wconf 89' lang='lat' dir='ltr'><em>antiquorum</em></span> <span class='ocrx_word' id='word_1_122' title='bbox 1810 1234 1903 1297; x_wconf 89' lang='lat' dir='ltr'><em>libro-</em></span> 
     </span>
     <span class='ocr_line' id='line_1_11' title="bbox 205 1332 1903 1416; baseline -0.003 -17"><span class='ocrx_word' id='word_1_123' title='bbox 205 1357 273 1399; x_wconf 92' lang='lat' dir='ltr'><em>rum</em></span> <span class='ocrx_word' id='word_1_124' title='bbox 294 1335 444 1398; x_wconf 86' lang='lat' dir='ltr'><em>variantes</em></span> <span class='ocrx_word' id='word_1_125' title='bbox 466 1334 609 1406; x_wconf 87' lang='lat' dir='ltr'><em>lectiones,</em></span> <span class='ocrx_word' id='word_1_126' title='bbox 633 1354 699 1415; x_wconf 85' lang='lat' dir='ltr'><em>quae</em></span> <span class='ocrx_word' id='word_1_127' title='bbox 719 1333 755 1395; x_wconf 93' lang='lat' dir='ltr'><em>ob</em></span> <span class='ocrx_word' id='word_1_128' title='bbox 778 1332 1022 1415; x_wconf 80' lang='lat' dir='ltr'><em>tonqmquiiaiem</em></span> <span class='ocrx_word' id='word_1_129' title='bbox 1045 1334 1174 1396; x_wconf 89' lang='lat' dir='ltr'><em>locorum</em></span> <span class='ocrx_word' id='word_1_130' title='bbox 1196 1333 1290 1394; x_wconf 87' lang='lat' dir='ltr'><em>istbuc</em></span> <span class='ocrx_word' id='word_1_131' title='bbox 1309 1334 1403 1394; x_wconf 88' lang='lat' dir='ltr'><em>serius</em></span> <span class='ocrx_word' id='word_1_132' title='bbox 1420 1352 1590 1416; x_wconf 80' lang='lat' dir='ltr'><em>peruenere,</em></span> <span class='ocrx_word' id='word_1_133' title='bbox 1612 1333 1831 1395; x_wconf 88' lang='lat' dir='ltr'><em>buiuanissiinis</em></span> <span class='ocrx_word' id='word_1_134' title='bbox 1852 1333 1903 1396; x_wconf 85' lang='lat' dir='ltr'><em>tii-</em></span> 
     </span>
     <span class='ocr_line' id='line_1_12' title="bbox 206 1430 1902 1513; baseline -0.004 -15"><span class='ocrx_word' id='word_1_135' title='bbox 206 1436 276 1498; x_wconf 90' lang='lat' dir='ltr'><em>tcris</em></span> <span class='ocrx_word' id='word_1_136' title='bbox 298 1433 357 1495; x_wconf 90' lang='lat' dir='ltr'><em>tuis</em></span> <span class='ocrx_word' id='word_1_137' title='bbox 376 1441 501 1495; x_wconf 87' lang='lat' dir='ltr'><em>sociatos</em></span> <span class='ocrx_word' id='word_1_138' title='bbox 522 1432 729 1494; x_wconf 87' lang='lat' dir='ltr'><em>transmiseris.</em></span> <span class='ocrx_word' id='word_1_139' title='bbox 753 1431 792 1493; x_wconf 82' lang='lat' dir='ltr'><em>iil</em></span> <span class='ocrx_word' id='word_1_140' title='bbox 810 1441 906 1493; x_wconf 87' lang='lat' dir='ltr'><em>autem</em></span> <span class='ocrx_word' id='word_1_141' title='bbox 926 1451 1014 1513; x_wconf 62' lang='lat' dir='ltr'><em>,iieiies</em></span> <span class='ocrx_word' id='word_1_142' title='bbox 1035 1451 1131 1511; x_wconf 75' lang='lat' dir='ltr'><em>aquas</em></span> <span class='ocrx_word' id='word_1_143' title='bbox 1153 1451 1252 1491; x_wconf 87' lang='lat' dir='ltr'><em>reriiin</em></span> <span class='ocrx_word' id='word_1_144' title='bbox 1275 1432 1463 1492; x_wconf 68' lang='lat' dir='ltr'><em>aestimatores</em></span> <span class='ocrx_word' id='word_1_145' title='bbox 1486 1440 1599 1492; x_wconf 88' lang='lat' dir='ltr'><em>tantuin</em></span> <span class='ocrx_word' id='word_1_146' title='bbox 1632 1441 1682 1505; x_wconf 90' lang='lat' dir='ltr'><em>cst,</em></span> <span class='ocrx_word' id='word_1_147' title='bbox 1707 1441 1740 1492; x_wconf 91' lang='lat' dir='ltr'><em>ut</em></span> <span class='ocrx_word' id='word_1_148' title='bbox 1760 1431 1821 1492; x_wconf 78' lang='lat' dir='ltr'><em>baec</em></span> <span class='ocrx_word' id='word_1_149' title='bbox 1840 1430 1902 1493; x_wconf 87' lang='lat' dir='ltr'><em>cdi-</em></span> 
     </span>
     <span class='ocr_line' id='line_1_13' title="bbox 206 1527 1903 1613; baseline -0.002 -18"><span class='ocrx_word' id='word_1_150' title='bbox 206 1535 259 1610; x_wconf 91' lang='lat' dir='ltr'><em>tio,</em></span> <span class='ocrx_word' id='word_1_151' title='bbox 283 1531 368 1613; x_wconf 83' lang='lat' dir='ltr'><em>ciq&#39;iis</em></span> <span class='ocrx_word' id='word_1_152' title='bbox 390 1540 422 1592; x_wconf 92' lang='lat' dir='ltr'><em>tu</em></span> <span class='ocrx_word' id='word_1_153' title='bbox 442 1540 546 1593; x_wconf 89' lang='lat' dir='ltr'><em>auctor</em></span> <span class='ocrx_word' id='word_1_154' title='bbox 566 1539 594 1591; x_wconf 88' lang='lat' dir='ltr'><em>ct</em></span> <span class='ocrx_word' id='word_1_155' title='bbox 613 1529 776 1611; x_wconf 87' lang='lat' dir='ltr'><em>opitulator</em></span> <span class='ocrx_word' id='word_1_156' title='bbox 796 1530 894 1609; x_wconf 74' lang='lat' dir='ltr'><em>fuisti,</em></span> <span class='ocrx_word' id='word_1_157' title='bbox 920 1541 971 1591; x_wconf 91' lang='lat' dir='ltr'><em>tua</em></span> <span class='ocrx_word' id='word_1_158' title='bbox 992 1527 1209 1611; x_wconf 84' lang='lat' dir='ltr'><em>quodaminodo</em></span> <span class='ocrx_word' id='word_1_159' title='bbox 1231 1528 1366 1590; x_wconf 84' lang='lat' dir='ltr'><em>habenda</em></span> <span class='ocrx_word' id='word_1_160' title='bbox 1391 1530 1450 1605; x_wconf 89' lang='lat' dir='ltr'><em>sit,·</em></span> <span class='ocrx_word' id='word_1_161' title='bbox 1470 1548 1505 1589; x_wconf 91' lang='lat' dir='ltr'><em>ac</em></span> <span class='ocrx_word' id='word_1_162' title='bbox 1523 1527 1648 1610; x_wconf 88' lang='lat' dir='ltr'><em>proinde</em></span> <span class='ocrx_word' id='word_1_163' title='bbox 1669 1530 1700 1588; x_wconf 89' lang='lat' dir='ltr'><em>in</em></span> <span class='ocrx_word' id='word_1_164' title='bbox 1725 1548 1760 1591; x_wconf 93' lang='lat' dir='ltr'><em>ca</em></span> <span class='ocrx_word' id='word_1_165' title='bbox 1780 1539 1829 1590; x_wconf 88' lang='lat' dir='ltr'><em>tuo</em></span> <span class='ocrx_word' id='word_1_166' title='bbox 1849 1549 1903 1592; x_wconf 87' lang='lat' dir='ltr'><em>no·</em></span> 
     </span>
     <span class='ocr_line' id='line_1_14' title="bbox 208 1625 1904 1709; baseline -0.003 -16"><span class='ocrx_word' id='word_1_167' title='bbox 208 1631 284 1693; x_wconf 90' lang='lat' dir='ltr'><em>mini</em></span> <span class='ocrx_word' id='word_1_168' title='bbox 301 1627 468 1691; x_wconf 82' lang='lat' dir='ltr'><em>dedicanda</em></span> <span class='ocrx_word' id='word_1_169' title='bbox 498 1648 556 1689; x_wconf 92' lang='lat' dir='ltr'><em>non</em></span> <span class='ocrx_word' id='word_1_170' title='bbox 577 1627 735 1707; x_wconf 63' lang='lat' dir='ltr'><em>offeramus</em></span> <span class='ocrx_word' id='word_1_171' title='bbox 755 1627 874 1709; x_wconf 90' lang='lat' dir='ltr'><em>aliquid</em></span> <span class='ocrx_word' id='word_1_172' title='bbox 892 1628 1009 1688; x_wconf 90' lang='lat' dir='ltr'><em>omnino</em></span> <span class='ocrx_word' id='word_1_173' title='bbox 1031 1635 1184 1700; x_wconf 83' lang='lat' dir='ltr'><em>nostruni3</em></span> <span class='ocrx_word' id='word_1_174' title='bbox 1207 1645 1253 1687; x_wconf 89' lang='lat' dir='ltr'><em>sec</em></span> <span class='ocrx_word' id='word_1_175' title='bbox 1275 1627 1381 1700; x_wconf 87' lang='lat' dir='ltr'><em>acrius,</em></span> <span class='ocrx_word' id='word_1_176' title='bbox 1403 1625 1484 1707; x_wconf 91' lang='lat' dir='ltr'><em>quad</em></span> <span class='ocrx_word' id='word_1_177' title='bbox 1503 1625 1638 1707; x_wconf 83' lang='lat' dir='ltr'><em>beneficio</em></span> <span class='ocrx_word' id='word_1_178' title='bbox 1660 1635 1708 1687; x_wconf 90' lang='lat' dir='ltr'><em>tuo</em></span> <span class='ocrx_word' id='word_1_179' title='bbox 1729 1627 1904 1707; x_wconf 82' lang='lat' dir='ltr'><em>accepimus.</em></span> 
     </span>
     <span class='ocr_line' id='line_1_15' title="bbox 209 1721 1907 1806; baseline -0.003 -16"><span class='ocrx_word' id='word_1_180' title='bbox 209 1726 377 1790; x_wconf 85' lang='lat' dir='ltr'><em>reddamus.</em></span> <span class='ocrx_word' id='word_1_181' title='bbox 412 1725 490 1786; x_wconf 83' lang='lat' dir='ltr'><em>Hinc</em></span> <span class='ocrx_word' id='word_1_182' title='bbox 520 1727 608 1787; x_wconf 90' lang='lat' dir='ltr'><em>etiam</em></span> <span class='ocrx_word' id='word_1_183' title='bbox 639 1723 813 1805; x_wconf 75' lang='lat' dir='ltr'><em>confidimus</em></span> <span class='ocrx_word' id='word_1_184' title='bbox 843 1725 909 1805; x_wconf 74' lang='lat' dir='ltr'><em>sore</em></span> <span class='ocrx_word' id='word_1_185' title='bbox 937 1734 970 1785; x_wconf 89' lang='lat' dir='ltr'><em>ut</em></span> <span class='ocrx_word' id='word_1_186' title='bbox 999 1726 1094 1805; x_wconf 88' lang='lat' dir='ltr'><em>ipsam</em></span> <span class='ocrx_word' id='word_1_187' title='bbox 1125 1723 1277 1785; x_wconf 85' lang='lat' dir='ltr'><em>editionem</em></span> <span class='ocrx_word' id='word_1_188' title='bbox 1310 1721 1432 1804; x_wconf 84' lang='lat' dir='ltr'><em>benique</em></span> <span class='ocrx_word' id='word_1_189' title='bbox 1451 1724 1594 1804; x_wconf 86' lang='lat' dir='ltr'><em>suscipias</em></span> <span class='ocrx_word' id='word_1_190' title='bbox 1615 1743 1651 1784; x_wconf 91' lang='lat' dir='ltr'><em>ac</em></span> <span class='ocrx_word' id='word_1_191' title='bbox 1681 1725 1789 1785; x_wconf 88' lang='lat' dir='ltr'><em>tuearis</em></span> <span class='ocrx_word' id='word_1_192' title='bbox 1819 1724 1907 1806; x_wconf 89' lang='lat' dir='ltr'><em>quasi</em></span> 
     </span>
     <span class='ocr_line' id='line_1_16' title="bbox 211 1821 1906 1906; baseline -0.003 -17"><span class='ocrx_word' id='word_1_193' title='bbox 211 1847 274 1889; x_wconf 88' lang='lat' dir='ltr'><em>rem</em></span> <span class='ocrx_word' id='word_1_194' title='bbox 295 1835 397 1887; x_wconf 78' lang='lat' dir='ltr'><em>mani:</em></span> <span class='ocrx_word' id='word_1_195' title='bbox 419 1842 582 1906; x_wconf 85' lang='lat' dir='ltr'><em>omnesque,</em></span> <span class='ocrx_word' id='word_1_196' title='bbox 615 1825 670 1905; x_wconf 90' lang='lat' dir='ltr'><em>qui</em></span> <span class='ocrx_word' id='word_1_197' title='bbox 698 1842 761 1884; x_wconf 90' lang='lat' dir='ltr'><em>eam</em></span> <span class='ocrx_word' id='word_1_198' title='bbox 782 1844 801 1885; x_wconf 91' lang='lat' dir='ltr'><em>o</em></span> <span class='ocrx_word' id='word_1_199' title='bbox 824 1833 850 1884; x_wconf 90' lang='lat' dir='ltr'><em>te</em></span> <span class='ocrx_word' id='word_1_200' title='bbox 868 1831 1058 1905; x_wconf 79' lang='lat' dir='ltr'><em>praeceptam,</em></span> <span class='ocrx_word' id='word_1_201' title='bbox 1084 1831 1166 1903; x_wconf 86' lang='lat' dir='ltr'><em>teque</em></span> <span class='ocrx_word' id='word_1_202' title='bbox 1196 1842 1277 1903; x_wconf 85' lang='lat' dir='ltr'><em>opem</em></span> <span class='ocrx_word' id='word_1_203' title='bbox 1306 1822 1420 1901; x_wconf 76' lang='lat' dir='ltr'><em>ferente</em></span> <span class='ocrx_word' id='word_1_204' title='bbox 1438 1821 1601 1903; x_wconf 79' lang='lat' dir='ltr'><em>perfectam</em></span> <span class='ocrx_word' id='word_1_205' title='bbox 1633 1821 1809 1901; x_wconf 86' lang='lat' dir='ltr'><em>iutelliqeut,</em></span> <span class='ocrx_word' id='word_1_206' title='bbox 1839 1842 1906 1884; x_wconf 88' lang='lat' dir='ltr'><em>cuni</em></span> 
     </span>
     <span class='ocr_line' id='line_1_17' title="bbox 203 1918 1903 2009; baseline -0.004 -23"><span class='ocrx_word' id='word_1_207' title='bbox 203 1923 383 2009; x_wconf 79' lang='lat' dir='ltr'><em>praeclaram</em></span> <span class='ocrx_word' id='word_1_208' title='bbox 414 1941 516 1984; x_wconf 88' lang='lat' dir='ltr'><em>curaui</em></span> <span class='ocrx_word' id='word_1_209' title='bbox 538 1931 566 1982; x_wconf 93' lang='lat' dir='ltr'><em>et</em></span> <span class='ocrx_word' id='word_1_210' title='bbox 594 1919 774 2001; x_wconf 89' lang='lat' dir='ltr'><em>sinqulareni</em></span> <span class='ocrx_word' id='word_1_211' title='bbox 802 1920 935 1999; x_wconf 77' lang='lat' dir='ltr'><em>savorem</em></span> <span class='ocrx_word' id='word_1_212' title='bbox 967 1929 1047 1981; x_wconf 90' lang='lat' dir='ltr'><em>tuum</em></span> <span class='ocrx_word' id='word_1_213' title='bbox 1078 1918 1322 1981; x_wconf 86' lang='lat' dir='ltr'><em>commendabunt</em></span> <span class='ocrx_word' id='word_1_214' title='bbox 1335 1939 1346 1994; x_wconf 89' lang='lat'><em>,·</em></span> <span class='ocrx_word' id='word_1_215' title='bbox 1368 1927 1428 1980; x_wconf 89' lang='lat' dir='ltr'><em>tuni</em></span> <span class='ocrx_word' id='word_1_216' title='bbox 1460 1938 1527 1979; x_wconf 90' lang='lat' dir='ltr'><em>vcra</em></span> <span class='ocrx_word' id='word_1_217' title='bbox 1548 1920 1577 1979; x_wconf 89' lang='lat' dir='ltr'><em>si</em></span> <span class='ocrx_word' id='word_1_218' title='bbox 1602 1919 1677 2000; x_wconf 85' lang='lat' dir='ltr'><em>quid</em></span> <span class='ocrx_word' id='word_1_219' title='bbox 1691 1939 1748 2000; x_wconf 86' lang='lat' dir='ltr'><em>por</em></span> <span class='ocrx_word' id='word_1_220' title='bbox 1776 1939 1828 1981; x_wconf 91' lang='lat' dir='ltr'><em>nos</em></span> <span class='ocrx_word' id='word_1_221' title='bbox 1848 1921 1903 1981; x_wconf 63' lang='lat' dir='ltr'><em>mi»</em></span> 
     </span>
     <span class='ocr_line' id='line_1_18' title="bbox 204 2017 1906 2106; baseline -0.004 -19"><span class='ocrx_word' id='word_1_222' title='bbox 204 2045 259 2087; x_wconf 89' lang='lat' dir='ltr'><em>uus</em></span> <span class='ocrx_word' id='word_1_223' title='bbox 289 2031 357 2106; x_wconf 86' lang='lat' dir='ltr'><em>apte</em></span> <span class='ocrx_word' id='word_1_224' title='bbox 388 2020 570 2083; x_wconf 75' lang='lat' dir='ltr'><em>exsecutioni</em></span> <span class='ocrx_word' id='word_1_225' title='bbox 597 2017 770 2081; x_wconf 87' lang='lat' dir='ltr'><em>mandatum</em></span> <span class='ocrx_word' id='word_1_226' title='bbox 799 2019 957 2098; x_wconf 79' lang='lat' dir='ltr'><em>isiaeui&#39;ent,</em></span> <span class='ocrx_word' id='word_1_227' title='bbox 990 2019 1117 2080; x_wconf 88' lang='lat' dir='ltr'><em>nominis</em></span> <span class='ocrx_word' id='word_1_228' title='bbox 1147 2027 1178 2079; x_wconf 87' lang='lat' dir='ltr'><em>et</em></span> <span class='ocrx_word' id='word_1_229' title='bbox 1191 2018 1358 2100; x_wconf 76' lang='lat' dir='ltr'><em>patrocinii</em></span> <span class='ocrx_word' id='word_1_230' title='bbox 1374 2019 1422 2077; x_wconf 86' lang='lat' dir='ltr'><em>tui</em></span> <span class='ocrx_word' id='word_1_231' title='bbox 1439 2017 1540 2096; x_wconf 83' lang='lat' dir='ltr'><em>qratia</em></span> <span class='ocrx_word' id='word_1_232' title='bbox 1561 2017 1773 2081; x_wconf 86' lang='lat' dir='ltr'><em>condonaturos</em></span> <span class='ocrx_word' id='word_1_233' title='bbox 1802 2034 1906 2099; x_wconf 88' lang='lat' dir='ltr'><em>spera-</em></span> 
     </span>
     <span class='ocr_line' id='line_1_19' title="bbox 204 2119 1629 2184; baseline -0.001 0"><span class='ocrx_word' id='word_1_234' title='bbox 204 2141 281 2184; x_wconf 85' lang='lat' dir='ltr'><em>mus.</em></span> <span class='ocrx_word' id='word_1_235' title='bbox 1627 2119 1629 2123; x_wconf 72' lang='grc'><strong>’</strong></span> 
     </span>
    </p>

    <p class='ocr_par' dir='ltr' id='par_1_3' title="bbox 202 2212 1913 4721">
     <span class='ocr_line' id='line_1_20' title="bbox 243 2212 1902 2299; baseline -0.001 -18"><span class='ocrx_word' id='word_1_236' title='bbox 243 2221 408 2299; x_wconf 84' lang='lat' dir='ltr'><em>Antequam</em></span> <span class='ocrx_word' id='word_1_237' title='bbox 433 2236 502 2278; x_wconf 86' lang='lat' dir='ltr'><em>aero</em></span> <span class='ocrx_word' id='word_1_238' title='bbox 523 2215 614 2296; x_wconf 79' lang='lat' dir='ltr'><em>bup&#39;us</em></span> <span class='ocrx_word' id='word_1_239' title='bbox 639 2212 768 2297; x_wconf 81' lang='lat' dir='ltr'><em>epistolae</em></span> <span class='ocrx_word' id='word_1_240' title='bbox 797 2212 887 2294; x_wconf 71' lang='lat' dir='ltr'><em>finem</em></span> <span class='ocrx_word' id='word_1_241' title='bbox 917 2214 1054 2294; x_wconf 72' lang='lat' dir='ltr'><em>secunus,</em></span> <span class='ocrx_word' id='word_1_242' title='bbox 1088 2216 1160 2289; x_wconf 87' lang='lat' dir='ltr'><em>sine,</em></span> <span class='ocrx_word' id='word_1_243' title='bbox 1183 2233 1363 2295; x_wconf 78' lang='lat' dir='ltr'><em>quesumus,</em></span> <span class='ocrx_word' id='word_1_244' title='bbox 1395 2213 1489 2274; x_wconf 86' lang='lat' dir='ltr'><em>Pater</em></span> <span class='ocrx_word' id='word_1_245' title='bbox 1519 2212 1687 2288; x_wconf 83' lang='lat' dir='ltr'><em>beatissime,</em></span> <span class='ocrx_word' id='word_1_246' title='bbox 1711 2224 1743 2275; x_wconf 90' lang='lat' dir='ltr'><em>ut</em></span> <span class='ocrx_word' id='word_1_247' title='bbox 1764 2214 1845 2297; x_wconf 89' lang='lat' dir='ltr'><em>quad</em></span> <span class='ocrx_word' id='word_1_248' title='bbox 1870 2218 1902 2279; x_wconf 89' lang='lat' dir='ltr'><em>S.</em></span> 
     </span>
     <span class='ocr_line' id='line_1_21' title="bbox 202 2309 1904 2393; baseline -0.004 -11"><span class='ocrx_word' id='word_1_249' title='bbox 202 2319 299 2382; x_wconf 71' lang='lat' dir='ltr'><em>Leuat</em></span> <span class='ocrx_word' id='word_1_250' title='bbox 319 2315 449 2377; x_wconf 71' lang='lat' dir='ltr'><em>maxime</em></span> <span class='ocrx_word' id='word_1_251' title='bbox 469 2332 633 2393; x_wconf 87' lang='lat' dir='ltr'><em>conqruuin</em></span> <span class='ocrx_word' id='word_1_252' title='bbox 656 2320 684 2373; x_wconf 87' lang='lat' dir='ltr'><em>ct</em></span> <span class='ocrx_word' id='word_1_253' title='bbox 702 2311 864 2392; x_wconf 83' lang='lat' dir='ltr'><em>qlori&#39;asum</em></span> <span class='ocrx_word' id='word_1_254' title='bbox 890 2311 1047 2385; x_wconf 82' lang='lat' dir='ltr'><em>credimus,</em></span> <span class='ocrx_word' id='word_1_255' title='bbox 1076 2311 1289 2393; x_wconf 86' lang='lat' dir='ltr'><em>sapientissimo</em></span> <span class='ocrx_word' id='word_1_256' title='bbox 1312 2309 1432 2391; x_wconf 79' lang='lat' dir='ltr'><em>judicio</em></span> <span class='ocrx_word' id='word_1_257' title='bbox 1461 2319 1510 2371; x_wconf 91' lang='lat' dir='ltr'><em>tuo</em></span> <span class='ocrx_word' id='word_1_258' title='bbox 1539 2311 1743 2390; x_wconf 82' lang='lat' dir='ltr'><em>subjiciamus.</em></span> <span class='ocrx_word' id='word_1_259' title='bbox 1769 2311 1811 2374; x_wconf 88' lang='lat' dir='ltr'><em>Oe</em></span> <span class='ocrx_word' id='word_1_260' title='bbox 1831 2330 1904 2376; x_wconf 87' lang='lat' dir='ltr'><em>ooc-</em></span> 
     </span>
     <span class='ocr_line' id='line_1_22' title="bbox 208 2405 1906 2490; baseline -0.007 -10"><span class='ocrx_word' id='word_1_261' title='bbox 208 2433 295 2479; x_wconf 78' lang='lat' dir='ltr'><em>aotus</em></span> <span class='ocrx_word' id='word_1_262' title='bbox 318 2413 408 2475; x_wconf 88' lang='lat' dir='ltr'><em>titulo</em></span> <span class='ocrx_word' id='word_1_263' title='bbox 429 2420 458 2473; x_wconf 91' lang='lat' dir='ltr'><em>et</em></span> <span class='ocrx_word' id='word_1_264' title='bbox 478 2410 562 2472; x_wconf 85' lang='lat' dir='ltr'><em>cultu</em></span> <span class='ocrx_word' id='word_1_265' title='bbox 582 2408 675 2472; x_wconf 87' lang='lat' dir='ltr'><em>eidem</em></span> <span class='ocrx_word' id='word_1_266' title='bbox 704 2418 805 2470; x_wconf 89' lang='lat' dir='ltr'><em>sancto</em></span> <span class='ocrx_word' id='word_1_267' title='bbox 828 2409 969 2490; x_wconf 77' lang='lat' dir='ltr'><em>pontifici</em></span> <span class='ocrx_word' id='word_1_268' title='bbox 995 2408 1175 2471; x_wconf 88' lang='lat' dir='ltr'><em>decernendo</em></span> <span class='ocrx_word' id='word_1_269' title='bbox 1193 2427 1293 2490; x_wconf 90' lang='lat' dir='ltr'><em>pauca</em></span> <span class='ocrx_word' id='word_1_270' title='bbox 1320 2406 1457 2487; x_wconf 84' lang='lat' dir='ltr'><em>quiedam</em></span> <span class='ocrx_word' id='word_1_271' title='bbox 1488 2406 1552 2479; x_wconf 89' lang='lat' dir='ltr'><em>tibi,</em></span> <span class='ocrx_word' id='word_1_272' title='bbox 1585 2416 1618 2466; x_wconf 85' lang='lat' dir='ltr'><em>ut</em></span> <span class='ocrx_word' id='word_1_273' title='bbox 1638 2405 1823 2487; x_wconf 74' lang='lat' dir='ltr'><em>confidimus,</em></span> <span class='ocrx_word' id='word_1_274' title='bbox 1845 2430 1906 2468; x_wconf 90' lang='lat' dir='ltr'><em>non</em></span> 
     </span>
     <span class='ocr_line' id='line_1_23' title="bbox 209 2502 1907 2593; baseline -0.004 -19"><span class='ocrx_word' id='word_1_275' title='bbox 209 2510 373 2593; x_wconf 78' lang='lat' dir='ltr'><em>injucunda</em></span> <span class='ocrx_word' id='word_1_276' title='bbox 404 2526 569 2592; x_wconf 89' lang='lat' dir='ltr'><em>proponere</em></span> <span class='ocrx_word' id='word_1_277' title='bbox 600 2506 681 2568; x_wconf 88' lang='lat' dir='ltr'><em>libet.</em></span> <span class='ocrx_word' id='word_1_278' title='bbox 707 2507 767 2583; x_wconf 83' lang='lat' dir='ltr'><em>Qui</em></span> <span class='ocrx_word' id='word_1_279' title='bbox 795 2505 900 2568; x_wconf 78' lang='lat' dir='ltr'><em>bliaut</em></span> <span class='ocrx_word' id='word_1_280' title='bbox 930 2525 1035 2566; x_wconf 87' lang='lat' dir='ltr'><em>nomen</em></span> <span class='ocrx_word' id='word_1_281' title='bbox 1063 2505 1202 2578; x_wconf 89' lang='lat' dir='ltr'><em>obtinuit,</em></span> <span class='ocrx_word' id='word_1_282' title='bbox 1233 2519 1376 2566; x_wconf 76' lang='lat' dir='ltr'><em>noctouls</em></span> <span class='ocrx_word' id='word_1_283' title='bbox 1406 2522 1521 2585; x_wconf 88' lang='lat' dir='ltr'><em>quoquc</em></span> <span class='ocrx_word' id='word_1_284' title='bbox 1542 2502 1659 2564; x_wconf 86' lang='lat' dir='ltr'><em>titulum</em></span> <span class='ocrx_word' id='word_1_285' title='bbox 1694 2506 1803 2566; x_wconf 90' lang='lat' dir='ltr'><em>mereri</em></span> <span class='ocrx_word' id='word_1_286' title='bbox 1829 2505 1907 2567; x_wconf 86' lang='lat' dir='ltr'><em>nibil</em></span> 
     </span>
     <span class='ocr_line' id='line_1_24' title="bbox 207 2600 1905 2689; baseline -0.004 -17"><span class='ocrx_word' id='word_1_287' title='bbox 207 2609 394 2689; x_wconf 87' lang='lat' dir='ltr'><em>ambiqiuius.</em></span> <span class='ocrx_word' id='word_1_288' title='bbox 419 2606 460 2668; x_wconf 88' lang='lat' dir='ltr'><em>Si</em></span> <span class='ocrx_word' id='word_1_289' title='bbox 477 2606 553 2666; x_wconf 85' lang='lat' dir='ltr'><em>enim</em></span> <span class='ocrx_word' id='word_1_290' title='bbox 575 2619 717 2665; x_wconf 75' lang='lat' dir='ltr'><em>ousiosis</em></span> <span class='ocrx_word' id='word_1_291' title='bbox 739 2600 938 2683; x_wconf 85' lang='lat' dir='ltr'><em>appellatione</em></span> <span class='ocrx_word' id='word_1_292' title='bbox 961 2612 988 2662; x_wconf 85' lang='lat' dir='ltr'><em>et</em></span> <span class='ocrx_word' id='word_1_293' title='bbox 1009 2600 1091 2662; x_wconf 86' lang='lat' dir='ltr'><em>cultu</em></span> <span class='ocrx_word' id='word_1_294' title='bbox 1113 2602 1139 2661; x_wconf 90' lang='lat' dir='ltr'><em>ii&#39;</em></span> <span class='ocrx_word' id='word_1_295' title='bbox 1157 2600 1245 2681; x_wconf 86' lang='lat' dir='ltr'><em>diqni</em></span> <span class='ocrx_word' id='word_1_296' title='bbox 1261 2609 1339 2673; x_wconf 86' lang='lat' dir='ltr'><em>sunt,</em></span> <span class='ocrx_word' id='word_1_297' title='bbox 1363 2601 1419 2682; x_wconf 89' lang='lat' dir='ltr'><em>qui</em></span> <span class='ocrx_word' id='word_1_298' title='bbox 1435 2620 1497 2662; x_wconf 90' lang='lat' dir='ltr'><em>una</em></span> <span class='ocrx_word' id='word_1_299' title='bbox 1526 2619 1592 2662; x_wconf 91' lang='lat' dir='ltr'><em>cum</em></span> <span class='ocrx_word' id='word_1_300' title='bbox 1612 2602 1723 2664; x_wconf 78' lang='lat' dir='ltr'><em>icamia</em></span> <span class='ocrx_word' id='word_1_301' title='bbox 1751 2605 1905 2666; x_wconf 88' lang='lat' dir='ltr'><em>sanctitate</em></span> 
     </span>
     <span class='ocr_line' id='line_1_25' title="bbox 204 2696 1905 2786; baseline -0.002 -18"><span class='ocrx_word' id='word_1_302' title='bbox 204 2706 347 2786; x_wconf 85' lang='lat' dir='ltr'><em>insi‘qnem</em></span> <span class='ocrx_word' id='word_1_303' title='bbox 364 2704 483 2785; x_wconf 82' lang='lat' dir='ltr'><em>pariter</em></span> <span class='ocrx_word' id='word_1_304' title='bbox 503 2699 669 2762; x_wconf 88' lang='lat' dir='ltr'><em>doctrinam</em></span> <span class='ocrx_word' id='word_1_305' title='bbox 683 2702 851 2781; x_wconf 78' lang='lat' dir='ltr'><em>junqentes,</em></span> <span class='ocrx_word' id='word_1_306' title='bbox 875 2708 903 2759; x_wconf 91' lang='lat' dir='ltr'><em>et</em></span> <span class='ocrx_word' id='word_1_307' title='bbox 924 2696 993 2760; x_wconf 89' lang='lat' dir='ltr'><em>duni</em></span> <span class='ocrx_word' id='word_1_308' title='bbox 1016 2701 1046 2759; x_wconf 90' lang='lat' dir='ltr'><em>iii</em></span> <span class='ocrx_word' id='word_1_309' title='bbox 1068 2699 1141 2760; x_wconf 84' lang='lat' dir='ltr'><em>ci&#39;ois</em></span> <span class='ocrx_word' id='word_1_310' title='bbox 1161 2710 1260 2773; x_wconf 88' lang='lat' dir='ltr'><em>esseut,</em></span> <span class='ocrx_word' id='word_1_311' title='bbox 1284 2699 1451 2759; x_wconf 87' lang='lat' dir='ltr'><em>uniuersam</em></span> <span class='ocrx_word' id='word_1_312' title='bbox 1472 2697 1640 2761; x_wconf 81' lang='lat' dir='ltr'><em>Ecclesiam</em></span> <span class='ocrx_word' id='word_1_313' title='bbox 1660 2699 1793 2776; x_wconf 88' lang='lat' dir='ltr'><em>docuere,</em></span> <span class='ocrx_word' id='word_1_314' title='bbox 1806 2710 1835 2764; x_wconf 89' lang='lat' dir='ltr'><em>et</em></span> <span class='ocrx_word' id='word_1_315' title='bbox 1852 2701 1905 2764; x_wconf 85' lang='lat' dir='ltr'><em>ad-</em></span> 
     </span>
     <span class='ocr_line' id='line_1_26' title="bbox 204 2795 1905 2885; baseline -0.001 -20"><span class='ocrx_word' id='word_1_316' title='bbox 204 2804 261 2865; x_wconf 84' lang='lat' dir='ltr'><em>buc</em></span> <span class='ocrx_word' id='word_1_317' title='bbox 279 2810 347 2885; x_wconf 90' lang='lat' dir='ltr'><em>post</em></span> <span class='ocrx_word' id='word_1_318' title='bbox 377 2808 499 2861; x_wconf 87' lang='lat' dir='ltr'><em>mortem</em></span> <span class='ocrx_word' id='word_1_319' title='bbox 530 2796 617 2861; x_wconf 87' lang='lat' dir='ltr'><em>illam</em></span> <span class='ocrx_word' id='word_1_320' title='bbox 649 2795 752 2858; x_wconf 90' lang='lat' dir='ltr'><em>docent</em></span> <span class='ocrx_word' id='word_1_321' title='bbox 773 2797 809 2857; x_wconf 86' lang='lat' dir='ltr'><em>iis</em></span> <span class='ocrx_word' id='word_1_322' title='bbox 838 2795 974 2878; x_wconf 88' lang='lat' dir='ltr'><em>operibus</em></span> <span class='ocrx_word' id='word_1_323' title='bbox 1004 2796 1126 2870; x_wconf 87' lang='lat' dir='ltr'><em>relictis,</em></span> <span class='ocrx_word' id='word_1_324' title='bbox 1162 2815 1227 2877; x_wconf 85' lang='lat' dir='ltr'><em>quie</em></span> <span class='ocrx_word' id='word_1_325' title='bbox 1257 2796 1339 2856; x_wconf 88' lang='lat' dir='ltr'><em>ouini</em></span> <span class='ocrx_word' id='word_1_326' title='bbox 1364 2805 1492 2878; x_wconf 86' lang='lat' dir='ltr'><em>tempore</em></span> <span class='ocrx_word' id='word_1_327' title='bbox 1519 2816 1576 2878; x_wconf 93' lang='lat' dir='ltr'><em>pro</em></span> <span class='ocrx_word' id='word_1_328' title='bbox 1603 2795 1664 2876; x_wconf 80' lang='lat' dir='ltr'><em>fide</em></span> <span class='ocrx_word' id='word_1_329' title='bbox 1684 2816 1720 2859; x_wconf 92' lang='lat' dir='ltr'><em>ac</em></span> <span class='ocrx_word' id='word_1_330' title='bbox 1747 2797 1905 2882; x_wconf 79' lang='lat' dir='ltr'><em>disciplina</em></span> 
     </span>
     <span class='ocr_line' id='line_1_27' title="bbox 203 2894 1900 2977; baseline -0.002 -13"><span class='ocrx_word' id='word_1_331' title='bbox 203 2900 344 2964; x_wconf 79' lang='lat' dir='ltr'><em>Ecclesiae</em></span> <span class='ocrx_word' id='word_1_332' title='bbox 365 2896 435 2959; x_wconf 88' lang='lat' dir='ltr'><em>usui</em></span> <span class='ocrx_word' id='word_1_333' title='bbox 451 2894 560 2977; x_wconf 75' lang='lat' dir='ltr'><em>sutura</em></span> <span class='ocrx_word' id='word_1_334' title='bbox 586 2894 668 2963; x_wconf 89' lang='lat' dir='ltr'><em>sint;</em></span> <span class='ocrx_word' id='word_1_335' title='bbox 699 2914 795 2955; x_wconf 88' lang='lat' dir='ltr'><em>nonne</em></span> <span class='ocrx_word' id='word_1_336' title='bbox 815 2894 846 2956; x_wconf 91' lang='lat' dir='ltr'><em>S.</em></span> <span class='ocrx_word' id='word_1_337' title='bbox 880 2896 953 2968; x_wconf 80' lang='lat' dir='ltr'><em>Leo,</em></span> <span class='ocrx_word' id='word_1_338' title='bbox 984 2894 1071 2974; x_wconf 82' lang='lat' dir='ltr'><em>cujus</em></span> <span class='ocrx_word' id='word_1_339' title='bbox 1100 2894 1296 2955; x_wconf 86' lang='lat' dir='ltr'><em>sanctimonia</em></span> <span class='ocrx_word' id='word_1_340' title='bbox 1316 2895 1477 2956; x_wconf 82' lang='lat' dir='ltr'><em>certissima</em></span> <span class='ocrx_word' id='word_1_341' title='bbox 1497 2904 1547 2969; x_wconf 92' lang='lat' dir='ltr'><em>est,</em></span> <span class='ocrx_word' id='word_1_342' title='bbox 1570 2902 1598 2956; x_wconf 91' lang='lat' dir='ltr'><em>et</em></span> <span class='ocrx_word' id='word_1_343' title='bbox 1618 2895 1727 2973; x_wconf 90' lang='lat' dir='ltr'><em>docuit,</em></span> <span class='ocrx_word' id='word_1_344' title='bbox 1750 2907 1779 2959; x_wconf 92' lang='lat' dir='ltr'><em>et</em></span> <span class='ocrx_word' id='word_1_345' title='bbox 1807 2899 1900 2976; x_wconf 85' lang='lat' dir='ltr'><em>docet,</em></span> 
     </span>
     <span class='ocr_line' id='line_1_28' title="bbox 204 2989 1904 3080; baseline -0.001 -19"><span class='ocrx_word' id='word_1_346' title='bbox 204 3008 233 3061; x_wconf 87' lang='lat' dir='ltr'><em>et</em></span> <span class='ocrx_word' id='word_1_347' title='bbox 252 3015 366 3080; x_wconf 83' lang='lat' dir='ltr'><em>simper</em></span> <span class='ocrx_word' id='word_1_348' title='bbox 386 2993 527 3056; x_wconf 87' lang='lat' dir='ltr'><em>docturus</em></span> <span class='ocrx_word' id='word_1_349' title='bbox 548 3003 592 3054; x_wconf 89' lang='lat' dir='ltr'><em>est</em></span> <span class='ocrx_word' id='word_1_350' title='bbox 611 2994 778 3055; x_wconf 86' lang='lat' dir='ltr'><em>uniuersam</em></span> <span class='ocrx_word' id='word_1_351' title='bbox 799 2990 977 3066; x_wconf 85' lang='lat' dir='ltr'><em>Ecclesiam,</em></span> <span class='ocrx_word' id='word_1_352' title='bbox 1000 3011 1066 3053; x_wconf 92' lang='lat' dir='ltr'><em>cum</em></span> <span class='ocrx_word' id='word_1_353' title='bbox 1088 3001 1118 3053; x_wconf 89' lang='lat' dir='ltr'><em>et</em></span> <span class='ocrx_word' id='word_1_354' title='bbox 1139 2990 1324 3053; x_wconf 76' lang='lat' dir='ltr'><em>instituendis</em></span> <span class='ocrx_word' id='word_1_355' title='bbox 1347 2989 1587 3054; x_wconf 72' lang='lat' dir='ltr'><em>Christianorum</em></span> <span class='ocrx_word' id='word_1_356' title='bbox 1608 2993 1746 3069; x_wconf 84' lang='lat' dir='ltr'><em>moribus,</em></span> <span class='ocrx_word' id='word_1_357' title='bbox 1769 3006 1798 3057; x_wconf 91' lang='lat' dir='ltr'><em>et</em></span> <span class='ocrx_word' id='word_1_358' title='bbox 1818 3007 1904 3059; x_wconf 76' lang='lat' dir='ltr'><em>rectu</em></span> 
     </span>
     <span class='ocr_line' id='line_1_29' title="bbox 204 3088 1905 3181; baseline -0.001 -21"><span class='ocrx_word' id='word_1_359' title='bbox 204 3096 278 3181; x_wconf 81' lang='lat' dir='ltr'><em>fidei</em></span> <span class='ocrx_word' id='word_1_360' title='bbox 297 3092 519 3167; x_wconf 84' lang='lat' dir='ltr'><em>conseruandae,</em></span> <span class='ocrx_word' id='word_1_361' title='bbox 541 3088 790 3173; x_wconf 81' lang='lat' dir='ltr'><em>consulendisque</em></span> <span class='ocrx_word' id='word_1_362' title='bbox 811 3089 1056 3153; x_wconf 83' lang='lat' dir='ltr'><em>beterodoaarum</em></span> <span class='ocrx_word' id='word_1_363' title='bbox 1076 3089 1228 3151; x_wconf 89' lang='lat' dir='ltr'><em>erroribus</em></span> <span class='ocrx_word' id='word_1_364' title='bbox 1249 3090 1402 3172; x_wconf 82' lang='lat' dir='ltr'><em>aptissima</em></span> <span class='ocrx_word' id='word_1_365' title='bbox 1420 3089 1554 3172; x_wconf 85' lang='lat' dir='ltr'><em>plurium</em></span> <span class='ocrx_word' id='word_1_366' title='bbox 1566 3110 1732 3155; x_wconf 87' lang='lat' dir='ltr'><em>sermonum</em></span> <span class='ocrx_word' id='word_1_367' title='bbox 1752 3104 1781 3156; x_wconf 91' lang='lat' dir='ltr'><em>ct</em></span> <span class='ocrx_word' id='word_1_368' title='bbox 1799 3098 1905 3177; x_wconf 84' lang='lat' dir='ltr'><em>episto·</em></span> 
     </span>
     <span class='ocr_line' id='line_1_30' title="bbox 205 3187 1903 3271; baseline -0.001 -13"><span class='ocrx_word' id='word_1_369' title='bbox 205 3195 303 3258; x_wconf 89' lang='lat' dir='ltr'><em>larum</em></span> <span class='ocrx_word' id='word_1_370' title='bbox 325 3200 510 3254; x_wconf 86' lang='lat' dir='ltr'><em>monumenta</em></span> <span class='ocrx_word' id='word_1_371' title='bbox 532 3189 670 3268; x_wconf 87' lang='lat' dir='ltr'><em>uulqarit,</em></span> <span class='ocrx_word' id='word_1_372' title='bbox 692 3208 759 3270; x_wconf 84' lang='lat' dir='ltr'><em>quas</em></span> <span class='ocrx_word' id='word_1_373' title='bbox 779 3208 837 3249; x_wconf 92' lang='lat' dir='ltr'><em>non</em></span> <span class='ocrx_word' id='word_1_374' title='bbox 859 3198 920 3250; x_wconf 88' lang='lat' dir='ltr'><em>tani</em></span> <span class='ocrx_word' id='word_1_375' title='bbox 942 3190 974 3250; x_wconf 88' lang='lat' dir='ltr'><em>iu</em></span> <span class='ocrx_word' id='word_1_376' title='bbox 1003 3187 1178 3258; x_wconf 76' lang='lat' dir='ltr'><em>Occidentis,</em></span> <span class='ocrx_word' id='word_1_377' title='bbox 1202 3207 1292 3271; x_wconf 89' lang='lat' dir='ltr'><em>quani</em></span> <span class='ocrx_word' id='word_1_378' title='bbox 1323 3190 1353 3248; x_wconf 92' lang='lat' dir='ltr'><em>in</em></span> <span class='ocrx_word' id='word_1_379' title='bbox 1386 3187 1513 3250; x_wconf 88' lang='lat' dir='ltr'><em>Orientis</em></span> <span class='ocrx_word' id='word_1_380' title='bbox 1533 3189 1675 3252; x_wconf 85' lang='lat' dir='ltr'><em>Ecclesiis</em></span> <span class='ocrx_word' id='word_1_381' title='bbox 1704 3211 1816 3254; x_wconf 87' lang='lat' dir='ltr'><em>summo</em></span> <span class='ocrx_word' id='word_1_382' title='bbox 1837 3215 1903 3257; x_wconf 87' lang='lat' dir='ltr'><em>cuni</em></span> 
     </span>
     <span class='ocr_line' id='line_1_31' title="bbox 205 3285 1907 3372; baseline -0.001 -16"><span class='ocrx_word' id='word_1_383' title='bbox 205 3294 479 3370; x_wconf 84' lang='lat' dir='ltr'><em>lionorcsuscepta,</em></span> <span class='ocrx_word' id='word_1_384' title='bbox 501 3287 688 3351; x_wconf 87' lang='lat' dir='ltr'><em>celebrantur</em></span> <span class='ocrx_word' id='word_1_385' title='bbox 708 3286 746 3349; x_wconf 89' lang='lat' dir='ltr'><em>ab</em></span> <span class='ocrx_word' id='word_1_386' title='bbox 767 3285 911 3362; x_wconf 88' lang='lat' dir='ltr'><em>omnibus,</em></span> <span class='ocrx_word' id='word_1_387' title='bbox 933 3288 1122 3369; x_wconf 80' lang='lat' dir='ltr'><em>maximoque</em></span> <span class='ocrx_word' id='word_1_388' title='bbox 1151 3287 1338 3348; x_wconf 88' lang='lat' dir='ltr'><em>auctoritatis</em></span> <span class='ocrx_word' id='word_1_389' title='bbox 1356 3286 1485 3368; x_wconf 88' lang='lat' dir='ltr'><em>pondere</em></span> <span class='ocrx_word' id='word_1_390' title='bbox 1506 3287 1678 3367; x_wconf 88' lang='lat' dir='ltr'><em>alleqantur</em></span> <span class='ocrx_word' id='word_1_391' title='bbox 1701 3287 1907 3372; x_wconf 75' lang='lat' dir='ltr'><em>frequentissi-</em></span> 
     </span>
     <span class='ocr_line' id='line_1_32' title="bbox 206 3384 1907 3473; baseline -0.001 -19"><span class='ocrx_word' id='word_1_392' title='bbox 206 3412 263 3471; x_wconf 90' lang='lat' dir='ltr'><em>me,</em></span> <span class='ocrx_word' id='word_1_393' title='bbox 285 3408 368 3473; x_wconf 83' lang='lat' dir='ltr'><em>teque</em></span> <span class='ocrx_word' id='word_1_394' title='bbox 388 3407 423 3451; x_wconf 91' lang='lat' dir='ltr'><em>ac</em></span> <span class='ocrx_word' id='word_1_395' title='bbox 445 3385 636 3448; x_wconf 78' lang='lat' dir='ltr'><em>celebriorum</em></span> <span class='ocrx_word' id='word_1_396' title='bbox 658 3384 811 3446; x_wconf 90' lang='lat' dir='ltr'><em>doctarum</em></span> <span class='ocrx_word' id='word_1_397' title='bbox 832 3403 923 3467; x_wconf 88' lang='lat' dir='ltr'><em>opera</em></span> <span class='ocrx_word' id='word_1_398' title='bbox 944 3384 1197 3467; x_wconf 79' lang='lat' dir='ltr'><em>alleqarisolcntl</em></span> <span class='ocrx_word' id='word_1_399' title='bbox 1218 3385 1300 3446; x_wconf 90' lang='lat' dir='ltr'><em>Hinc</em></span> <span class='ocrx_word' id='word_1_400' title='bbox 1322 3393 1420 3447; x_wconf 89' lang='lat' dir='ltr'><em>autem</em></span> <span class='ocrx_word' id='word_1_401' title='bbox 1442 3405 1499 3446; x_wconf 89' lang='lat' dir='ltr'><em>non</em></span> <span class='ocrx_word' id='word_1_402' title='bbox 1523 3386 1667 3446; x_wconf 88' lang='lat' dir='ltr'><em>i&#39;mmerito</em></span> <span class='ocrx_word' id='word_1_403' title='bbox 1690 3404 1836 3453; x_wconf 77' lang='lat' dir='ltr'><em>aocaoais</em></span> <span class='ocrx_word' id='word_1_404' title='bbox 1856 3411 1907 3452; x_wconf 92' lang='lat' dir='ltr'><em>no-</em></span> 
     </span>
     <span class='ocr_line' id='line_1_33' title="bbox 205 3480 1908 3567; baseline -0.001 -15"><span class='ocrx_word' id='word_1_405' title='bbox 205 3509 272 3552; x_wconf 92' lang='lat' dir='ltr'><em>men</em></span> <span class='ocrx_word' id='word_1_406' title='bbox 292 3488 323 3550; x_wconf 92' lang='lat' dir='ltr'><em>ci</em></span> <span class='ocrx_word' id='word_1_407' title='bbox 340 3486 410 3548; x_wconf 89' lang='lat' dir='ltr'><em>olim</em></span> <span class='ocrx_word' id='word_1_408' title='bbox 433 3484 538 3545; x_wconf 88' lang='lat' dir='ltr'><em>tribuit</em></span> <span class='ocrx_word' id='word_1_409' title='bbox 559 3480 753 3545; x_wconf 88' lang='lat' dir='ltr'><em>Cassiodorus</em></span> <span class='ocrx_word' id='word_1_410' title='bbox 774 3482 827 3564; x_wconf 88' lang='lat' dir='ltr'><em>(a),</em></span> <span class='ocrx_word' id='word_1_411' title='bbox 847 3492 877 3543; x_wconf 91' lang='lat' dir='ltr'><em>et</em></span> <span class='ocrx_word' id='word_1_412' title='bbox 898 3481 965 3565; x_wconf 89' lang='lat' dir='ltr'><em>(qui</em></span> <span class='ocrx_word' id='word_1_413' title='bbox 982 3483 1110 3545; x_wconf 77' lang='lat' dir='ltr'><em>macinii</em></span> <span class='ocrx_word' id='word_1_414' title='bbox 1136 3481 1266 3544; x_wconf 82' lang='lat' dir='ltr'><em>labendi</em></span> <span class='ocrx_word' id='word_1_415' title='bbox 1292 3483 1371 3563; x_wconf 88' lang='lat' dir='ltr'><em>sunt)</em></span> <span class='ocrx_word' id='word_1_416' title='bbox 1392 3483 1449 3543; x_wconf 89' lang='lat' dir='ltr'><em>duo</em></span> <span class='ocrx_word' id='word_1_417' title='bbox 1470 3484 1579 3544; x_wconf 88' lang='lat' dir='ltr'><em>summi</em></span> <span class='ocrx_word' id='word_1_418' title='bbox 1601 3485 1755 3566; x_wconf 58' lang='lat' dir='ltr'><em>pontifices</em></span> <span class='ocrx_word' id='word_1_419' title='bbox 1782 3487 1908 3567; x_wconf 87' lang='lat' dir='ltr'><em>Viqili&#39;us</em></span> 
     </span>
     <span class='ocr_line' id='line_1_34' title="bbox 206 3579 1905 3670; baseline 0.001 -21"><span class='ocrx_word' id='word_1_420' title='bbox 206 3587 247 3670; x_wconf 89' lang='lat' dir='ltr'><em>(b)</em></span> <span class='ocrx_word' id='word_1_421' title='bbox 269 3598 295 3649; x_wconf 90' lang='lat' dir='ltr'><em>et</em></span> <span class='ocrx_word' id='word_1_422' title='bbox 327 3582 505 3647; x_wconf 83' lang='lat' dir='ltr'><em>Hadrianus</em></span> <span class='ocrx_word' id='word_1_423' title='bbox 524 3580 545 3643; x_wconf 93' lang='lat' dir='ltr'><em>t</em></span> <span class='ocrx_word' id='word_1_424' title='bbox 565 3580 613 3663; x_wconf 81' lang='lat' dir='ltr'><em>(c),</em></span> <span class='ocrx_word' id='word_1_425' title='bbox 631 3600 666 3642; x_wconf 92' lang='lat' dir='ltr'><em>ac</em></span> <span class='ocrx_word' id='word_1_426' title='bbox 697 3580 831 3662; x_wconf 76' lang='lat' dir='ltr'><em>deinceps</em></span> <span class='ocrx_word' id='word_1_427' title='bbox 859 3580 924 3655; x_wconf 90' lang='lat' dir='ltr'><em>alii,</em></span> <span class='ocrx_word' id='word_1_428' title='bbox 946 3601 984 3643; x_wconf 83' lang='lat' dir='ltr'><em>ea</em></span> <span class='ocrx_word' id='word_1_429' title='bbox 1013 3580 1120 3663; x_wconf 88' lang='lat' dir='ltr'><em>quibus</em></span> <span class='ocrx_word' id='word_1_430' title='bbox 1150 3579 1301 3644; x_wconf 79' lang='lat' dir='ltr'><em>[isuardus</em></span> <span class='ocrx_word' id='word_1_431' title='bbox 1322 3591 1351 3641; x_wconf 92' lang='lat' dir='ltr'><em>et</em></span> <span class='ocrx_word' id='word_1_432' title='bbox 1387 3580 1597 3643; x_wconf 89' lang='lat' dir='ltr'><em>Vandclbcrtus</em></span> <span class='ocrx_word' id='word_1_433' title='bbox 1625 3582 1755 3644; x_wconf 86' lang='lat' dir='ltr'><em>eumdem</em></span> <span class='ocrx_word' id='word_1_434' title='bbox 1786 3586 1905 3650; x_wconf 82' lang='lat' dir='ltr'><em>titutum</em></span> 
     </span>
     <span class='ocr_line' id='line_1_35' title="bbox 207 3677 1906 3767; baseline 0.001 -20"><span class='ocrx_word' id='word_1_435' title='bbox 207 3682 428 3766; x_wconf 82' lang='lat' dir='ltr'><em>Martqroloqio</em></span> <span class='ocrx_word' id='word_1_436' title='bbox 450 3682 647 3742; x_wconf 82' lang='lat' dir='ltr'><em>inseruerunt.</em></span> <span class='ocrx_word' id='word_1_437' title='bbox 672 3679 778 3740; x_wconf 84' lang='lat' dir='ltr'><em>Pluris</em></span> <span class='ocrx_word' id='word_1_438' title='bbox 796 3681 900 3741; x_wconf 84' lang='lat' dir='ltr'><em>setiam</em></span> <span class='ocrx_word' id='word_1_439' title='bbox 923 3679 1083 3742; x_wconf 88' lang='lat' dir='ltr'><em>Gallicanae</em></span> <span class='ocrx_word' id='word_1_440' title='bbox 1105 3679 1245 3740; x_wconf 74' lang='lat' dir='ltr'><em>Ecclesiae</em></span> <span class='ocrx_word' id='word_1_441' title='bbox 1266 3678 1395 3741; x_wconf 89' lang='lat' dir='ltr'><em>doctores</em></span> <span class='ocrx_word' id='word_1_442' title='bbox 1409 3677 1519 3740; x_wconf 87' lang='lat' dir='ltr'><em>bonore</em></span> <span class='ocrx_word' id='word_1_443' title='bbox 1531 3698 1597 3741; x_wconf 90' lang='lat' dir='ltr'><em>euni</em></span> <span class='ocrx_word' id='word_1_444' title='bbox 1612 3679 1642 3741; x_wconf 91' lang='lat' dir='ltr'><em>in</em></span> <span class='ocrx_word' id='word_1_445' title='bbox 1652 3680 1782 3761; x_wconf 85' lang='lat' dir='ltr'><em>publicis</em></span> <span class='ocrx_word' id='word_1_446' title='bbox 1796 3684 1906 3767; x_wconf 75' lang='lat' dir='ltr'><em>officiis</em></span> 
     </span>
     <span class='ocr_line' id='line_1_36' title="bbox 210 3774 1907 3863; baseline 0.002 -19"><span class='ocrx_word' id='word_1_447' title='bbox 210 3782 303 3844; x_wconf 82' lang='lat' dir='ltr'><em>colere</em></span> <span class='ocrx_word' id='word_1_448' title='bbox 323 3800 382 3842; x_wconf 92' lang='lat' dir='ltr'><em>non</em></span> <span class='ocrx_word' id='word_1_449' title='bbox 403 3778 588 3851; x_wconf 85' lang='lat' dir='ltr'><em>dubitarunt,</em></span> <span class='ocrx_word' id='word_1_450' title='bbox 612 3787 645 3836; x_wconf 90' lang='lat' dir='ltr'><em>ut</em></span> <span class='ocrx_word' id='word_1_451' title='bbox 665 3795 703 3837; x_wconf 82' lang='lat' dir='ltr'><em>ec</em></span> <span class='ocrx_word' id='word_1_452' title='bbox 723 3797 824 3838; x_wconf 91' lang='lat' dir='ltr'><em>earum</em></span> <span class='ocrx_word' id='word_1_453' title='bbox 846 3776 992 3855; x_wconf 86' lang='lat' dir='ltr'><em>liturqicis</em></span> <span class='ocrx_word' id='word_1_454' title='bbox 1013 3774 1100 3835; x_wconf 88' lang='lat' dir='ltr'><em>libris</em></span> <span class='ocrx_word' id='word_1_455' title='bbox 1122 3774 1292 3837; x_wconf 87' lang='lat' dir='ltr'><em>didicimus.</em></span> <span class='ocrx_word' id='word_1_456' title='bbox 1314 3777 1440 3857; x_wconf 79' lang='lat' dir='ltr'><em>Aliquot</em></span> <span class='ocrx_word' id='word_1_457' title='bbox 1459 3778 1507 3838; x_wconf 85' lang='lat' dir='ltr'><em>liic</em></span> <span class='ocrx_word' id='word_1_458' title='bbox 1526 3787 1642 3839; x_wconf 89' lang='lat' dir='ltr'><em>tantum</em></span> <span class='ocrx_word' id='word_1_459' title='bbox 1663 3780 1794 3863; x_wconf 75' lang='lat' dir='ltr'><em>exempli</em></span> <span class='ocrx_word' id='word_1_460' title='bbox 1803 3787 1907 3863; x_wconf 77' lang='lat' dir='ltr'><em>qratia</em></span> 
     </span>
     <span class='ocr_line' id='line_1_37' title="bbox 209 3871 1906 3958; baseline 0.002 -19"><span class='ocrx_word' id='word_1_461' title='bbox 209 3880 387 3958; x_wconf 87' lang='lat' dir='ltr'><em>atti&#39;nqemus</em></span> <span class='ocrx_word' id='word_1_462' title='bbox 410 3875 584 3942; x_wconf 83' lang='lat' dir='ltr'><em>testimonia,</em></span> <span class='ocrx_word' id='word_1_463' title='bbox 608 3894 674 3954; x_wconf 85' lang='lat' dir='ltr'><em>quae</em></span> <span class='ocrx_word' id='word_1_464' title='bbox 694 3875 936 3936; x_wconf 86' lang='lat' dir='ltr'><em>cuiinintissimus</em></span> <span class='ocrx_word' id='word_1_465' title='bbox 957 3871 1119 3935; x_wconf 87' lang='lat' dir='ltr'><em>cardiiialis</em></span> <span class='ocrx_word' id='word_1_466' title='bbox 1147 3873 1306 3953; x_wconf 76' lang='lat' dir='ltr'><em>Pittippus</em></span> <span class='ocrx_word' id='word_1_467' title='bbox 1336 3873 1371 3933; x_wconf 91' lang='lat' dir='ltr'><em>de</em></span> <span class='ocrx_word' id='word_1_468' title='bbox 1392 3875 1540 3934; x_wconf 89' lang='lat' dir='ltr'><em>Montibus</em></span> <span class='ocrx_word' id='word_1_469' title='bbox 1561 3875 1631 3936; x_wconf 88' lang='lat' dir='ltr'><em>bnic</em></span> <span class='ocrx_word' id='word_1_470' title='bbox 1651 3887 1750 3939; x_wconf 90' lang='lat' dir='ltr'><em>nostro</em></span> <span class='ocrx_word' id='word_1_471' title='bbox 1783 3881 1906 3942; x_wconf 88' lang='lat' dir='ltr'><em>concilio</em></span> 
     </span>
     <span class='ocr_line' id='line_1_38' title="bbox 205 3970 1905 4053; baseline 0.002 -16"><span class='ocrx_word' id='word_1_472' title='bbox 205 3976 336 4037; x_wconf 79' lang='lat' dir='ltr'><em>maaime</em></span> <span class='ocrx_word' id='word_1_473' title='bbox 356 3972 470 4053; x_wconf 78' lang='lat' dir='ltr'><em>fauens,</em></span> <span class='ocrx_word' id='word_1_474' title='bbox 489 3970 584 4053; x_wconf 89' lang='lat' dir='ltr'><em>paulo</em></span> <span class='ocrx_word' id='word_1_475' title='bbox 605 3981 762 4053; x_wconf 88' lang='lat' dir='ltr'><em>antequam</em></span> <span class='ocrx_word' id='word_1_476' title='bbox 783 3972 888 4033; x_wconf 87' lang='lat' dir='ltr'><em>cuivis</em></span> <span class='ocrx_word' id='word_1_477' title='bbox 908 3970 1119 4045; x_wconf 60' lang='lat' dir='ltr'><em>accederemus</em></span> <span class='ocrx_word' id='word_1_478' title='bbox 1138 3990 1192 4032; x_wconf 90' lang='lat' dir='ltr'><em>sua</em></span> <span class='ocrx_word' id='word_1_479' title='bbox 1214 3971 1368 4032; x_wconf 83' lang='lat' dir='ltr'><em>lectissima</em></span> <span class='ocrx_word' id='word_1_480' title='bbox 1385 3970 1556 4032; x_wconf 72' lang='lat' dir='ltr'><em>bibliotheca</em></span> <span class='ocrx_word' id='word_1_481' title='bbox 1572 3972 1656 4034; x_wconf 89' lang='lat' dir='ltr'><em>nobis</em></span> <span class='ocrx_word' id='word_1_482' title='bbox 1669 3978 1905 4040; x_wconf 87' lang='lat' dir='ltr'><em>communicavit.</em></span> 
     </span>
     <span class='ocr_line' id='line_1_39' title="bbox 204 4067 1906 4155; baseline 0.004 -22"><span class='ocrx_word' id='word_1_483' title='bbox 204 4071 260 4133; x_wconf 81' lang='lat' dir='ltr'><em>Ea</em></span> <span class='ocrx_word' id='word_1_484' title='bbox 279 4070 437 4133; x_wconf 87' lang='lat' dir='ltr'><em>Breuiari&#39;o</em></span> <span class='ocrx_word' id='word_1_485' title='bbox 452 4068 900 4155; x_wconf 77' lang='lat' dir='ltr'><em>Linqonensionni‘uaccxuxi,</em></span> <span class='ocrx_word' id='word_1_486' title='bbox 923 4067 970 4129; x_wconf 89' lang='lat' dir='ltr'><em>di&#39;e</em></span> <span class='ocrx_word' id='word_1_487' title='bbox 990 4086 1054 4130; x_wconf 78' lang='lat' dir='ltr'><em>xxx</em></span> <span class='ocrx_word' id='word_1_488' title='bbox 1077 4068 1228 4130; x_wconf 87' lang='lat' dir='ltr'><em>Octobris:</em></span> <span class='ocrx_word' id='word_1_489' title='bbox 1253 4072 1361 4132; x_wconf 74' lang='lat' dir='ltr'><em>Liuiis</em></span> <span class='ocrx_word' id='word_1_490' title='bbox 1383 4071 1395 4130; x_wconf 91' lang='lat' dir='ltr'><em>l</em></span> <span class='ocrx_word' id='word_1_491' title='bbox 1417 4088 1508 4150; x_wconf 82' lang='lat' dir='ltr'><em>papie</em></span> <span class='ocrx_word' id='word_1_492' title='bbox 1529 4078 1560 4132; x_wconf 84' lang='lat' dir='ltr'><em>et</em></span> <span class='ocrx_word' id='word_1_493' title='bbox 1582 4071 1727 4133; x_wconf 78' lang='lat' dir='ltr'><em>Ecclesiae</em></span> <span class='ocrx_word' id='word_1_494' title='bbox 1749 4090 1906 4139; x_wconf 78' lang='lat' dir='ltr'><em>oociaats.</em></span> 
     </span>
     <span class='ocr_line' id='line_1_40' title="bbox 204 4165 1909 4248; baseline 0.002 -16"><span class='ocrx_word' id='word_1_495' title='bbox 204 4169 259 4232; x_wconf 78' lang='lat' dir='ltr'><em>Ea</em></span> <span class='ocrx_word' id='word_1_496' title='bbox 280 4169 436 4232; x_wconf 88' lang='lat' dir='ltr'><em>Breoiaria</em></span> <span class='ocrx_word' id='word_1_497' title='bbox 459 4166 672 4231; x_wconf 83' lang='lat' dir='ltr'><em>Catabiuneusi</em></span> <span class='ocrx_word' id='word_1_498' title='bbox 690 4166 764 4227; x_wconf 89' lang='lat' dir='ltr'><em>anni</em></span> <span class='ocrx_word' id='word_1_499' title='bbox 782 4184 969 4239; x_wconf 72' lang='lat' dir='ltr'><em>anactea-ii,</em></span> <span class='ocrx_word' id='word_1_500' title='bbox 993 4167 1042 4228; x_wconf 90' lang='lat' dir='ltr'><em>dic</em></span> <span class='ocrx_word' id='word_1_501' title='bbox 1064 4185 1102 4229; x_wconf 86' lang='lat' dir='ltr'><em>xx</em></span> <span class='ocrx_word' id='word_1_502' title='bbox 1126 4165 1277 4229; x_wconf 79' lang='lat' dir='ltr'><em>Octobris:</em></span> <span class='ocrx_word' id='word_1_503' title='bbox 1302 4169 1416 4230; x_wconf 74' lang='lat' dir='ltr'><em>Leuius</em></span> <span class='ocrx_word' id='word_1_504' title='bbox 1437 4168 1544 4247; x_wconf 80' lang='lat' dir='ltr'><em>Magni</em></span> <span class='ocrx_word' id='word_1_505' title='bbox 1578 4187 1669 4248; x_wconf 88' lang='lat' dir='ltr'><em>papae</em></span> <span class='ocrx_word' id='word_1_506' title='bbox 1698 4177 1730 4231; x_wconf 84' lang='lat' dir='ltr'><em>el</em></span> <span class='ocrx_word' id='word_1_507' title='bbox 1763 4173 1909 4236; x_wconf 68' lang='lat' dir='ltr'><em>Ecclesia</em></span> 
     </span>
     <span class='ocr_line' id='line_1_41' title="bbox 203 4264 1913 4347; baseline 0.002 -18"><span class='ocrx_word' id='word_1_508' title='bbox 203 4284 358 4331; x_wconf 80' lang='lat' dir='ltr'><em>uocroius.</em></span> <span class='ocrx_word' id='word_1_509' title='bbox 406 4264 522 4328; x_wconf 84' lang='lat' dir='ltr'><em>Eadem</em></span> <span class='ocrx_word' id='word_1_510' title='bbox 568 4264 707 4347; x_wconf 89' lang='lat' dir='ltr'><em>lequntur</em></span> <span class='ocrx_word' id='word_1_511' title='bbox 741 4267 774 4325; x_wconf 88' lang='lat' dir='ltr'><em>i&#39;n</em></span> <span class='ocrx_word' id='word_1_512' title='bbox 814 4265 980 4327; x_wconf 88' lang='lat' dir='ltr'><em>Breiiariis</em></span> <span class='ocrx_word' id='word_1_513' title='bbox 1025 4264 1215 4328; x_wconf 83' lang='lat' dir='ltr'><em>Cluniacensi</em></span> <span class='ocrx_word' id='word_1_514' title='bbox 1247 4266 1323 4326; x_wconf 88' lang='lat' dir='ltr'><em>anui</em></span> <span class='ocrx_word' id='word_1_515' title='bbox 1362 4282 1525 4338; x_wconf 82' lang='lat' dir='ltr'><em>uocaxxvt,</em></span> <span class='ocrx_word' id='word_1_516' title='bbox 1570 4264 1801 4346; x_wconf 85' lang='lat' dir='ltr'><em>Rolliomaqcnsi</em></span> <span class='ocrx_word' id='word_1_517' title='bbox 1836 4273 1913 4334; x_wconf 91' lang='lat' dir='ltr'><em>anni</em></span> 
     </span>
     <span class='ocr_line' id='line_1_42' title="bbox 205 4361 1908 4445; baseline 0.001 -16"><span class='ocrx_word' id='word_1_518' title='bbox 205 4382 398 4442; x_wconf 74' lang='lat' dir='ltr'><em>aoccxxvtn,</em></span> <span class='ocrx_word' id='word_1_519' title='bbox 434 4373 461 4425; x_wconf 90' lang='lat' dir='ltr'><em>et</em></span> <span class='ocrx_word' id='word_1_520' title='bbox 496 4362 728 4426; x_wconf 72' lang='lat' dir='ltr'><em>claromontano</em></span> <span class='ocrx_word' id='word_1_521' title='bbox 761 4365 837 4424; x_wconf 92' lang='lat' dir='ltr'><em>anni</em></span> <span class='ocrx_word' id='word_1_522' title='bbox 862 4379 1051 4437; x_wconf 79' lang='lat' dir='ltr'><em>uoccxxxtlt,</em></span> <span class='ocrx_word' id='word_1_523' title='bbox 1083 4362 1131 4423; x_wconf 88' lang='lat' dir='ltr'><em>die</em></span> <span class='ocrx_word' id='word_1_524' title='bbox 1160 4380 1192 4425; x_wconf 82' lang='lat' dir='ltr'><em>xi</em></span> <span class='ocrx_word' id='word_1_525' title='bbox 1228 4363 1366 4443; x_wconf 72' lang='lat' dir='ltr'><em>Aprilis,</em></span> <span class='ocrx_word' id='word_1_526' title='bbox 1388 4366 1419 4424; x_wconf 88' lang='lat' dir='ltr'><em>in</em></span> <span class='ocrx_word' id='word_1_527' title='bbox 1454 4361 1646 4424; x_wconf 83' lang='lat' dir='ltr'><em>Narbonensi</em></span> <span class='ocrx_word' id='word_1_528' title='bbox 1675 4365 1751 4424; x_wconf 89' lang='lat' dir='ltr'><em>anni</em></span> <span class='ocrx_word' id='word_1_529' title='bbox 1780 4382 1908 4445; x_wconf 70' lang='lat' dir='ltr'><em>naccis,</em></span> 
     </span>
     <span class='ocr_line' id='line_1_43' title="bbox 205 4460 1908 4536; baseline 0.002 -12"><span class='ocrx_word' id='word_1_530' title='bbox 205 4462 254 4525; x_wconf 90' lang='lat' dir='ltr'><em>die</em></span> <span class='ocrx_word' id='word_1_531' title='bbox 273 4480 369 4527; x_wconf 82' lang='lat' dir='ltr'><em>xxiiii</em></span> <span class='ocrx_word' id='word_1_532' title='bbox 402 4462 515 4535; x_wconf 75' lang='lat' dir='ltr'><em>lunii,</em></span> <span class='ocrx_word' id='word_1_533' title='bbox 539 4461 570 4521; x_wconf 87' lang='lat' dir='ltr'><em>in</em></span> <span class='ocrx_word' id='word_1_534' title='bbox 597 4460 762 4522; x_wconf 85' lang='lat' dir='ltr'><em>Senanciisi</em></span> <span class='ocrx_word' id='word_1_535' title='bbox 789 4462 865 4524; x_wconf 77' lang='lat' dir='ltr'><em>asini</em></span> <span class='ocrx_word' id='word_1_536' title='bbox 891 4479 1044 4524; x_wconf 80' lang='lat' dir='ltr'><em>uacaxxu</em></span> <span class='ocrx_word' id='word_1_537' title='bbox 1064 4470 1092 4522; x_wconf 92' lang='lat' dir='ltr'><em>ct</em></span> <span class='ocrx_word' id='word_1_538' title='bbox 1125 4461 1334 4523; x_wconf 81' lang='lat' dir='ltr'><em>Aurelianensi</em></span> <span class='ocrx_word' id='word_1_539' title='bbox 1357 4462 1433 4523; x_wconf 89' lang='lat' dir='ltr'><em>anni</em></span> <span class='ocrx_word' id='word_1_540' title='bbox 1465 4476 1630 4536; x_wconf 82' lang='lat' dir='ltr'><em>uoccxxxt,</em></span> <span class='ocrx_word' id='word_1_541' title='bbox 1653 4460 1700 4522; x_wconf 89' lang='lat' dir='ltr'><em>die</em></span> <span class='ocrx_word' id='word_1_542' title='bbox 1733 4480 1796 4525; x_wconf 82' lang='lat' dir='ltr'><em>xxx</em></span> <span class='ocrx_word' id='word_1_543' title='bbox 1820 4465 1908 4528; x_wconf 90' lang='lat' dir='ltr'><em>Octo·</em></span> 
     </span>
     <span class='ocr_line' id='line_1_44' title="bbox 207 4558 1906 4637; baseline 0.001 -14"><span class='ocrx_word' id='word_1_544' title='bbox 207 4561 285 4637; x_wconf 86' lang='lat' dir='ltr'><em>bris;</em></span> <span class='ocrx_word' id='word_1_545' title='bbox 308 4562 340 4623; x_wconf 91' lang='lat' dir='ltr'><em>i&#39;n</em></span> <span class='ocrx_word' id='word_1_546' title='bbox 361 4560 528 4623; x_wconf 87' lang='lat' dir='ltr'><em>Parisicnsi</em></span> <span class='ocrx_word' id='word_1_547' title='bbox 546 4558 621 4621; x_wconf 88' lang='lat' dir='ltr'><em>anni</em></span> <span class='ocrx_word' id='word_1_548' title='bbox 639 4575 822 4634; x_wconf 82' lang='lat' dir='ltr'><em>uaccxxxri,</em></span> <span class='ocrx_word' id='word_1_549' title='bbox 846 4558 893 4622; x_wconf 86' lang='lat' dir='ltr'><em>die</em></span> <span class='ocrx_word' id='word_1_550' title='bbox 912 4579 933 4622; x_wconf 85' lang='lat' dir='ltr'>x</span> <span class='ocrx_word' id='word_1_551' title='bbox 955 4558 1150 4633; x_wconf 85' lang='lat' dir='ltr'><em>Nouembris;</em></span> <span class='ocrx_word' id='word_1_552' title='bbox 1173 4578 1209 4621; x_wconf 92' lang='lat' dir='ltr'><em>ac</em></span> <span class='ocrx_word' id='word_1_553' title='bbox 1230 4561 1261 4621; x_wconf 90' lang='lat' dir='ltr'><em>iu</em></span> <span class='ocrx_word' id='word_1_554' title='bbox 1282 4558 1466 4621; x_wconf 72' lang='lat' dir='ltr'><em>bituricensi</em></span> <span class='ocrx_word' id='word_1_555' title='bbox 1486 4559 1562 4620; x_wconf 89' lang='lat' dir='ltr'><em>anni</em></span> <span class='ocrx_word' id='word_1_556' title='bbox 1578 4574 1750 4636; x_wconf 82' lang='lat' dir='ltr'><em>uacxxxir,</em></span> <span class='ocrx_word' id='word_1_557' title='bbox 1773 4560 1822 4622; x_wconf 88' lang='lat' dir='ltr'><em>dic</em></span> <span class='ocrx_word' id='word_1_558' title='bbox 1842 4580 1906 4624; x_wconf 79' lang='lat' dir='ltr'><em>xxx</em></span> 
     </span>
     <span class='ocr_line' id='line_1_45' title="bbox 205 4656 393 4721; baseline 0.005 -1"><span class='ocrx_word' id='word_1_559' title='bbox 205 4656 393 4721; x_wconf 86' lang='lat' dir='ltr'><em>Novembris.</em></span> 
     </span>
    </p>

    <p class='ocr_par' dir='ltr' id='par_1_4' title="bbox 203 4754 1911 5324">
     <span class='ocr_line' id='line_1_46' title="bbox 244 4754 1907 4840; baseline 0.001 -21"><span class='ocrx_word' id='word_1_560' title='bbox 244 4754 327 4819; x_wconf 87' lang='lat' dir='ltr'><em>Num</em></span> <span class='ocrx_word' id='word_1_561' title='bbox 349 4777 418 4819; x_wconf 89' lang='lat' dir='ltr'><em>uero</em></span> <span class='ocrx_word' id='word_1_562' title='bbox 438 4766 550 4838; x_wconf 87' lang='lat' dir='ltr'><em>tempus</em></span> <span class='ocrx_word' id='word_1_563' title='bbox 568 4755 633 4834; x_wconf 78' lang='lat' dir='ltr'><em>jani</em></span> <span class='ocrx_word' id='word_1_564' title='bbox 668 4755 831 4828; x_wconf 83' lang='lat' dir='ltr'><em>advenerit,</em></span> <span class='ocrx_word' id='word_1_565' title='bbox 856 4757 888 4816; x_wconf 90' lang='lat' dir='ltr'><em>in</em></span> <span class='ocrx_word' id='word_1_566' title='bbox 909 4774 966 4837; x_wconf 88' lang='lat' dir='ltr'><em>qua</em></span> <span class='ocrx_word' id='word_1_567' title='bbox 989 4755 1125 4817; x_wconf 79' lang='lat' dir='ltr'><em>Romana</em></span> <span class='ocrx_word' id='word_1_568' title='bbox 1160 4776 1276 4838; x_wconf 89' lang='lat' dir='ltr'><em>quoque</em></span> <span class='ocrx_word' id='word_1_569' title='bbox 1304 4755 1454 4829; x_wconf 83' lang='lat' dir='ltr'><em>Ecclesia,</em></span> <span class='ocrx_word' id='word_1_570' title='bbox 1477 4775 1542 4838; x_wconf 85' lang='lat' dir='ltr'><em>quse</em></span> <span class='ocrx_word' id='word_1_571' title='bbox 1575 4776 1635 4816; x_wconf 89' lang='lat' dir='ltr'><em>non</em></span> <span class='ocrx_word' id='word_1_572' title='bbox 1655 4756 1796 4818; x_wconf 88' lang='lat' dir='ltr'><em>minorem</em></span> <span class='ocrx_word' id='word_1_573' title='bbox 1816 4754 1907 4840; x_wconf 84' lang='lat' dir='ltr'><em>liujus</em></span> 
     </span>
     <span class='ocr_line' id='line_1_47' title="bbox 203 4852 1911 4935; baseline 0.001 -20"><span class='ocrx_word' id='word_1_574' title='bbox 203 4855 253 4916; x_wconf 89' lang='lat' dir='ltr'><em>sui</em></span> <span class='ocrx_word' id='word_1_575' title='bbox 269 4856 449 4917; x_wconf 80' lang='lat' dir='ltr'><em>sanctissimi</em></span> <span class='ocrx_word' id='word_1_576' title='bbox 479 4853 696 4935; x_wconf 82' lang='lat' dir='ltr'><em>doctissimique</em></span> <span class='ocrx_word' id='word_1_577' title='bbox 724 4853 884 4935; x_wconf 80' lang='lat' dir='ltr'><em>ponti&#39;ficis,</em></span> <span class='ocrx_word' id='word_1_578' title='bbox 907 4874 965 4935; x_wconf 89' lang='lat' dir='ltr'><em>quo</em></span> <span class='ocrx_word' id='word_1_579' title='bbox 986 4854 1116 4915; x_wconf 82' lang='lat' dir='ltr'><em>macinii</em></span> <span class='ocrx_word' id='word_1_580' title='bbox 1136 4863 1275 4925; x_wconf 77' lang='lat' dir='ltr'><em>uitiatur,</em></span> <span class='ocrx_word' id='word_1_581' title='bbox 1306 4872 1433 4914; x_wconf 86' lang='lat' dir='ltr'><em>amorem</em></span> <span class='ocrx_word' id='word_1_582' title='bbox 1455 4855 1563 4929; x_wconf 90' lang='lat' dir='ltr'><em>nutrit,</em></span> <span class='ocrx_word' id='word_1_583' title='bbox 1585 4852 1662 4914; x_wconf 83' lang='lat' dir='ltr'><em>liiinc</em></span> <span class='ocrx_word' id='word_1_584' title='bbox 1682 4853 1814 4917; x_wconf 86' lang='lat' dir='ltr'><em>cumdem</em></span> <span class='ocrx_word' id='word_1_585' title='bbox 1836 4857 1911 4918; x_wconf 87' lang='lat' dir='ltr'><em>titu-</em></span> 
     </span>
     <span class='ocr_line' id='line_1_48' title="bbox 205 4949 1908 5031; baseline 0.001 -17"><span class='ocrx_word' id='word_1_586' title='bbox 205 4952 268 5015; x_wconf 85' lang='lat' dir='ltr'><em>ium</em></span> <span class='ocrx_word' id='word_1_587' title='bbox 288 4961 315 5013; x_wconf 88' lang='lat' dir='ltr'><em>ct</em></span> <span class='ocrx_word' id='word_1_588' title='bbox 336 4951 447 5013; x_wconf 86' lang='lat' dir='ltr'><em>cultum</em></span> <span class='ocrx_word' id='word_1_589' title='bbox 468 4950 560 5013; x_wconf 89' lang='lat' dir='ltr'><em>eidem</em></span> <span class='ocrx_word' id='word_1_590' title='bbox 581 4949 752 5012; x_wconf 88' lang='lat' dir='ltr'><em>solemniter</em></span> <span class='ocrx_word' id='word_1_591' title='bbox 787 4950 909 5025; x_wconf 88' lang='lat' dir='ltr'><em>tribuat,</em></span> <span class='ocrx_word' id='word_1_592' title='bbox 940 4950 1131 5031; x_wconf 83' lang='lat' dir='ltr'><em>qeneraliqiie</em></span> <span class='ocrx_word' id='word_1_593' title='bbox 1165 4950 1280 5011; x_wconf 84' lang='lat' dir='ltr'><em>decreto</em></span> <span class='ocrx_word' id='word_1_594' title='bbox 1312 4952 1344 5010; x_wconf 90' lang='lat' dir='ltr'><em>in</em></span> <span class='ocrx_word' id='word_1_595' title='bbox 1366 4953 1533 5011; x_wconf 87' lang='lat' dir='ltr'><em>uniuersum</em></span> <span class='ocrx_word' id='word_1_596' title='bbox 1570 4949 1775 5013; x_wconf 84' lang='lat' dir='ltr'><em>Cliristi&#39;anum</em></span> <span class='ocrx_word' id='word_1_597' title='bbox 1810 4953 1908 5016; x_wconf 86' lang='lat' dir='ltr'><em>orbem</em></span> 
     </span>
     <span class='ocr_line' id='line_1_49' title="bbox 203 5045 1906 5128; baseline 0.001 -17"><span class='ocrx_word' id='word_1_598' title='bbox 203 5048 352 5124; x_wconf 72' lang='lat' dir='ltr'><em>extendat,</em></span> <span class='ocrx_word' id='word_1_599' title='bbox 377 5049 443 5123; x_wconf 89' lang='lat' dir='ltr'><em>tibi,</em></span> <span class='ocrx_word' id='word_1_600' title='bbox 469 5048 631 5110; x_wconf 90' lang='lat' dir='ltr'><em>beatissime</em></span> <span class='ocrx_word' id='word_1_601' title='bbox 654 5048 758 5122; x_wconf 78' lang='lat' dir='ltr'><em>Pater,</em></span> <span class='ocrx_word' id='word_1_602' title='bbox 781 5047 1008 5128; x_wconf 74' lang='lat' dir='ltr'><em>dijudicandum</em></span> <span class='ocrx_word' id='word_1_603' title='bbox 1041 5060 1128 5128; x_wconf 86' lang='lat' dir='ltr'><em>utque</em></span> <span class='ocrx_word' id='word_1_604' title='bbox 1156 5048 1389 5109; x_wconf 87' lang='lat' dir='ltr'><em>coristitucndum</em></span> <span class='ocrx_word' id='word_1_605' title='bbox 1418 5045 1622 5126; x_wconf 83' lang='lat' dir='ltr'><em>relinquimus.</em></span> <span class='ocrx_word' id='word_1_606' title='bbox 1657 5048 1702 5108; x_wconf 82' lang='lat' dir='ltr'><em>Tu</em></span> <span class='ocrx_word' id='word_1_607' title='bbox 1724 5051 1755 5109; x_wconf 87' lang='lat' dir='ltr'><em>iu</em></span> <span class='ocrx_word' id='word_1_608' title='bbox 1777 5070 1810 5112; x_wconf 90' lang='lat' dir='ltr'><em>eo</em></span> <span class='ocrx_word' id='word_1_609' title='bbox 1831 5051 1906 5113; x_wconf 84' lang='lat' dir='ltr'><em>cele·</em></span> 
     </span>
     <span class='ocr_line' id='line_1_50' title="bbox 203 5143 1905 5229; baseline 0.002 -20"><span class='ocrx_word' id='word_1_610' title='bbox 203 5146 329 5209; x_wconf 81' lang='lat' dir='ltr'><em>bertinio</em></span> <span class='ocrx_word' id='word_1_611' title='bbox 351 5145 445 5228; x_wconf 87' lang='lat' dir='ltr'><em>Opere</em></span> <span class='ocrx_word' id='word_1_612' title='bbox 466 5145 505 5205; x_wconf 86' lang='lat' dir='ltr'><em>de</em></span> <span class='ocrx_word' id='word_1_613' title='bbox 540 5144 777 5206; x_wconf 80' lang='lat' dir='ltr'><em>Beatificalione</em></span> <span class='ocrx_word' id='word_1_614' title='bbox 811 5151 843 5206; x_wconf 79' lang='lat' dir='ltr'><em>at</em></span> <span class='ocrx_word' id='word_1_615' title='bbox 878 5145 1130 5220; x_wconf 70' lang='lat' dir='ltr'><em>canonizatione,</em></span> <span class='ocrx_word' id='word_1_616' title='bbox 1169 5143 1250 5228; x_wconf 88' lang='lat' dir='ltr'><em>quod</em></span> <span class='ocrx_word' id='word_1_617' title='bbox 1269 5146 1426 5224; x_wconf 85' lang='lat' dir='ltr'><em>oinuiqena</em></span> <span class='ocrx_word' id='word_1_618' title='bbox 1459 5163 1546 5205; x_wconf 90' lang='lat' dir='ltr'><em>sacra</em></span> <span class='ocrx_word' id='word_1_619' title='bbox 1566 5144 1732 5207; x_wconf 80' lang='lat' dir='ltr'><em>eruditione</em></span> <span class='ocrx_word' id='word_1_620' title='bbox 1751 5151 1905 5229; x_wconf 65' lang='lat' dir='ltr'><em>relatum,</em></span> 
     </span>
     <span class='ocr_line' id='line_1_51' title="bbox 203 5240 1909 5324; baseline 0.002 -18"><span class='ocrx_word' id='word_1_621' title='bbox 203 5247 284 5308; x_wconf 90' lang='lat' dir='ltr'><em>circa</em></span> <span class='ocrx_word' id='word_1_622' title='bbox 304 5245 379 5305; x_wconf 89' lang='lat' dir='ltr'><em>ritus</em></span> <span class='ocrx_word' id='word_1_623' title='bbox 413 5240 588 5324; x_wconf 77' lang='lat' dir='ltr'><em>hujusmodi</em></span> <span class='ocrx_word' id='word_1_624' title='bbox 605 5242 710 5323; x_wconf 86' lang='lat' dir='ltr'><em>requla</em></span> <span class='ocrx_word' id='word_1_625' title='bbox 732 5243 764 5303; x_wconf 82' lang='lat' dir='ltr'><em>i&#39;n</em></span> <span class='ocrx_word' id='word_1_626' title='bbox 780 5252 935 5324; x_wconf 88' lang='lat' dir='ltr'><em>posterum</em></span> <span class='ocrx_word' id='word_1_627' title='bbox 956 5241 1091 5305; x_wconf 86' lang='lat' dir='ltr'><em>solemnis</em></span> <span class='ocrx_word' id='word_1_628' title='bbox 1111 5262 1147 5305; x_wconf 91' lang='lat' dir='ltr'><em>ac</em></span> <span class='ocrx_word' id='word_1_629' title='bbox 1169 5243 1314 5305; x_wconf 84' lang='lat' dir='ltr'><em>tutissima</em></span> <span class='ocrx_word' id='word_1_630' title='bbox 1334 5241 1472 5322; x_wconf 82' lang='lat' dir='ltr'><em>futurum</em></span> <span class='ocrx_word' id='word_1_631' title='bbox 1503 5250 1555 5319; x_wconf 90' lang='lat' dir='ltr'><em>cst,</em></span> <span class='ocrx_word' id='word_1_632' title='bbox 1589 5252 1647 5305; x_wconf 88' lang='lat' dir='ltr'><em>tres</em></span> <span class='ocrx_word' id='word_1_633' title='bbox 1667 5244 1847 5308; x_wconf 86' lang='lat' dir='ltr'><em>conditiones</em></span> <span class='ocrx_word' id='word_1_634' title='bbox 1867 5246 1909 5309; x_wconf 83' lang='lat' dir='ltr'><em>sd</em></span> 
     </span>
    </p>
   </div>
   <div class='ocr_carea' id='block_1_3' title="bbox 204 5450 1090 5669">
    <p class='ocr_par' dir='ltr' id='par_1_5' title="bbox 204 5450 1090 5669">
     <span class='ocr_line' id='line_1_52' title="bbox 239 5450 1090 5669; baseline 0.002 -96"><span class='ocrx_word' id='word_1_635' title='bbox 239 5450 268 5669; x_wconf 60' lang='lat' dir='ltr'><em>{i</em></span> <span class='ocrx_word' id='word_1_636' title='bbox 291 5452 489 5602; x_wconf 61' lang='lat' dir='ltr'><em>{ibidis</em></span> <span class='ocrx_word' id='word_1_637' title='bbox 503 5521 549 5589; x_wconf 84' lang='lat' dir='ltr'><em>ie,</em></span> <span class='ocrx_word' id='word_1_638' title='bbox 565 5520 587 5575; x_wconf 79' lang='lat' dir='ltr'><em>t.</em></span> <span class='ocrx_word' id='word_1_639' title='bbox 602 5516 640 5603; x_wconf 67' lang='lat' dir='ltr'><em>vi</em></span> <span class='ocrx_word' id='word_1_640' title='bbox 655 5518 763 5580; x_wconf 74' lang='lat' dir='ltr'><em>consu.</em></span> <span class='ocrx_word' id='word_1_641' title='bbox 779 5519 852 5579; x_wconf 71' lang='lat' dir='ltr'><em>van.</em></span> <span class='ocrx_word' id='word_1_642' title='bbox 870 5518 941 5579; x_wconf 67' lang='lat' dir='ltr'><em>uait.</em></span> <span class='ocrx_word' id='word_1_643' title='bbox 957 5517 1012 5581; x_wconf 62' lang='grc' dir='ltr'><em>σοι.</em></span> <span class='ocrx_word' id='word_1_644' title='bbox 1027 5518 1090 5576; x_wconf 77' lang='lat' dir='ltr'><em>sos.</em></span> 
     </span>
     <span class='ocr_line' id='line_1_53' title="bbox 204 5588 667 5669; baseline -0.009 -14"><span class='ocrx_word' id='word_1_645' title='bbox 204 5650 208 5655; x_wconf 83' lang='lat'><em>.</em></span> <span class='ocrx_word' id='word_1_646' title='bbox 250 5605 265 5651; x_wconf 87' lang='lat' dir='ltr'><em>c</em></span> <span class='ocrx_word' id='word_1_647' title='bbox 290 5589 380 5669; x_wconf 72' lang='lat' dir='ltr'><em>Epist.</em></span> <span class='ocrx_word' id='word_1_648' title='bbox 397 5592 440 5652; x_wconf 79' lang='lat' dir='ltr'><em>si.</em></span> <span class='ocrx_word' id='word_1_649' title='bbox 456 5592 525 5653; x_wconf 76' lang='lat' dir='ltr'><em>cod.</em></span> <span class='ocrx_word' id='word_1_650' title='bbox 541 5588 667 5654; x_wconf 82' lang='lat' dir='ltr'><em>Corolia.</em></span> 
     </span>
    </p>
   </div>
   <div class='ocr_carea' id='block_1_4' title="bbox 0 0 2030 6164">
    <p class='ocr_par' dir='ltr' id='par_1_6' title="bbox 0 0 2030 6164">
     <span class='ocr_line' id='line_1_54' title="bbox 0 0 2030 6164; baseline 0 0"><span class='ocrx_word' id='word_1_651' title='bbox 0 0 2030 6164; x_wconf 95' lang='lat' dir='ltr'><em> </em></span> 
     </span>
    </p>
   </div>
  </div>
 </body>
</html>
