4050 6175
13 280 14 313 ³
109 298 165 370 aaa
531 294 738 360 mersam
758 293 796 359 m
819 293 1033 359 saracems
1055 295 1089 360 s.
1111 292 1253 361 cnoms
1273 293 1411 367 naum.
1753 301 1827 367 cro:

108 430 244 509 epistole,
262 447 329 506 qne
344 430 442 490 Graece
457 430 585 502 reddite,
599 448 617 489 a
631 426 1509 504 Gracecollectcreccmpilataluerunt,iubatinis,e1usdem
1525 429 1704 501 collectionis
1712 454 1812 501 emin·

108 521 237 597 plaribus
249 538 312 581 noa
321 521 577 596 mterprctnticnes
587 538 622 579 ex
631 521 741 592 Greco,
753 521 804 577 sed
816 521 913 594 ipsum
925 524 995 577 sunt
1002 518 1144 595 originale
1155 519 1303 579 Latinum.
1317 519 1348 577 Id
1357 521 1547 587 umniieeium
1557 525 1589 582 sst
1598 543 1656 585 nnn
1673 528 1770 591 sotem
1778 550 1814 590 οἱ

107 610 217 689 synnai,
224 610 345 678 Leonis,
356 629 422 684 quae
433 611 463 667 in
477 610 624 683 plerisque
632 610 744 666 Latinis
754 609 844 682 hujus
855 608 1033 667 collectionis
1044 608 1174 683 epistolis
1184 608 1332 677 elucescit,
1344 611 1396 666 scd
1407 608 1501 669 multo
1509 614 1605 688 magis
1615 617 1697 677 exiis
1707 619 1812 680 litteris

108 717 230 776 quarum
241 699 424 773 exemplaria
438 700 547 756 Latine
559 700 661 772 utique
673 698 807 773 originis,
822 702 958 756 contenta
968 698 998 753 in
1010 698 1075 754 aliis
1086 698 1198 755 Latinis
1213 697 1443 765 collectionibus,
1453 704 1540 783 atque
1550 704 1710 776 codicibus,
1723 711 1775 783 qui
1796 728 1815 767 a

108 793 201 848 Greco
211 806 275 846 non
287 790 445 862 prodeunt,
458 789 559 845 endem
571 790 658 845 verba
669 790 798 845 relerunt
808 805 871 860 quaa
882 787 1021 861 leguntur
1031 787 1060 843 in
1072 786 1184 844 Latinis
1193 787 1343 844 codicibus
1361 786 1541 847 collectionis
1560 792 1812 869 Chalcedonensis,

108 884 136 937 ut
143 877 485 953 patebitconierentibus
497 877 658 951 presertim
667 876 804 950 epistolas
816 879 862 945 23,
873 877 918 947 28,
928 876 974 945 29,
986 877 1031 943 30,
1047 877 1092 944 32,
1104 876 1140 932 50
1150 876 1232 932 ct5l.
1244 876 1376 949 idipsum
1397 876 1519 935 mirifice
1536 882 1690 943 confirmat
1709 889 1814 947 Loccis

28 1026 29 1031 ,
108 966 228 1043 epistola
236 968 286 1038 35,
297 968 334 1025 ad
345 967 507 1023 talianum.
519 968 585 1023 Haec
595 965 833 1023 enimccdicibus
842 965 954 1022 Latinis
965 963 1146 1022 collectionis
1165 963 1409 1022 Chalcedonensis
1429 983 1487 1024 non
1506 969 1626 1041 perinde
1647 975 1753 1035 mutila
1771 985 1816 1038 est

109 1056 199 1115 tribus
209 1056 243 1113 in
254 1055 341 1123 loeis,
352 1057 425 1113 utin
436 1057 654 1113 omnibusmss.
666 1054 945 1123 Grecisinvcnitur;
960 1070 993 1111 ac
1013 1058 1152 1126 preterca
1173 1057 1252 1110 caret
1267 1055 1446 1127 quibusdam
1459 1055 1681 1133 additamensis,
1701 1081 1767 1138 qua
1784 1068 1815 1129 in

110 1144 166 1203 selo
176 1146 281 1203 Graeco
290 1148 371 1202 textu
381 1145 519 1219 leguntur
531 1163 538 1200 ι
548 1146 625 1202 unde
636 1145 666 1201 in
679 1145 751 1218 ipsis
762 1144 872 1201 Latinis
884 1161 956 1201 mss.
968 1143 1101 1216 ejusdem
1111 1142 1300 1212 00U00ll⁰1ti⁸‚
1314 1161 1371 1200 1¹0n
1382 1161 1416 1201 ⁶1
1437 1144 1535 1204 Grfflffl
1553 1149 1676 1218 reddiit,
1704 1156 1756 1215 sod
1782 1174 1817 1215 cx

108 1234 237 1309 originali
248 1234 357 1292 Latino
367 1238 486 1307 sumpta
495 1235 691 1309 cognoscitur.
704 1234 775 1290 Hinc
785 1233 878 1291 Latini
887 1231 1675 1308 precipuecodiceshujuscollectioniseditioninostre
1686 1244 1814 1303 maximo

109 1323 280 1381 uenierunt.

140 1413 182 1468 tb.
191 1414 266 1467 Cum
275 1427 345 1468 vero
357 1412 478 1469 baticus
487 1413 632 1485 interpres
642 1411 966 1484 innonnullisepistolis
977 1427 1030 1484 pro
1041 1409 1139 1467 Latino
1151 1410 1287 1485 originali
1297 1414 1389 1479 textu,
1402 1428 1490 1485 quem
1502 1415 1630 1488 reperire
1641 1436 1698 1477 nou
1710 1425 1816 1495 potuit,

106 1500 375 1574 interpretationem
386 1517 421 1558 ex
431 1502 528 1561 Grecn
538 1502 601 1560 suis
616 1500 939 1569 codicibusinserucrit,
949 1500 1205 1574 interpretationes
1214 1499 1407 1581 epistolarum
1417 1502 1453 1559 ab
1465 1504 1660 1578 originalibus
1673 1510 1729 1570 hoc
1738 1514 1815 1575 indi·

110 1590 151 1647 cio
162 1588 569 1664 iaciilimediscernenturtde
583 1590 654 1648 solis
664 1589 873 1664 epistolisque
890 1591 926 1646 ab
949 1590 1119 1647 auctoribus
1142 1590 1240 1647 Latine
1263 1591 1377 1664 scripte
1395 1591 1513 1649 fuerunt
1537 1612 1633 1654 sermo
1654 1600 1721 1673 esti·
1746 1604 1817 1668 Qun

111 1677 275 1736 chronicam
286 1679 468 1736 notationem
480 1680 509 1736 in
518 1679 629 1737 Latinis
638 1697 709 1736 mss,
722 1680 890 1753 praeierunt,
907 1684 1031 1751 sumpte
1045 1679 1164 1734 luerunt
1174 1695 1209 1735 cn
1224 1678 1332 1735 Latinis
1342 1679 1535 1754 originalibus
1544 1686 1699 1761 exemplis,
1709 1688 1740 1749 in
1751 1693 1818 1766 qui-

113 1770 161 1826 bas
171 1767 314 1825 chronica
323 1768 436 1825 notabo
448 1770 629 1843 signabatur.
646 1772 713 1836 oue
724 1785 790 1825 vero
798 1769 852 1825 hac
871 1768 1019 1825 notatione
1040 1773 1149 1833 carent,
1169 1768 1509 1841 interpretationessunt
1521 1787 1556 1830 cx
1576 1774 1684 1846 Greeo,
1706 1780 1737 1839 in
1759 1799 1819 1856 quc

112 1856 258 1915 chronicas
267 1857 436 1916 notationes
446 1858 711 1931 Grecusinterpres
721 1857 830 1914 omisit.
841 1857 899 1914 Hac
908 1874 944 1913 cx
952 1857 1205 1915 animadversione
1216 1874 1289 1915 nova
1305 1859 1488 1917 confirmatio
1508 1863 1628 1935 accedit,
1647 1884 1706 1941 qua
1725 1871 1820 1949 magis

113 1948 261 2020 magisque
271 1948 493 2020 comprobatur,
502 1948 580 2019 quod
592 1947 678 2020 paulo
692 1951 759 2004 ante
770 1946 940 2012 statuimus,
954 1944 1094 2018 epistolas
1105 1943 1230 2014 Latinas,
1242 1962 1369 2019 quarem
1377 1947 1517 2007 chronica
1533 1953 1644 2011 notatio
1665 1972 1700 2015 en
1720 1959 1819 2019 Graeco

13 2090 14 2093 ,
117 2035 256 2093 saminon
267 2034 409 2109 potuitin
421 2036 535 2093 codices
556 2036 674 2092 Latinos
691 2034 808 2093 concilii
826 2033 1072 2091 chalcedonensis
1084 2051 1120 2091 ex
1138 2034 1249 2092 Latinis
1267 2037 1484 2110 exemplaribus
1503 2041 1649 2113 ejusmodi
1670 2050 1822 2109 notatione

13 2176 19 2184 ,
118 2125 344 2198 haudquaquam
354 2122 1156 2192 carentibusiuissetradnctas.tticautemomittcndnm
1168 2139 1225 2179 non
1235 2127 1289 2193 cst,
1299 2123 1663 2200 Leonirepinotames,cd
1673 2139 1822 2208 synodum

119 2214 269 2282 Nicenam,
281 2213 389 2286 quein
401 2213 498 2271 Grncc
511 2218 671 2291 antcgesta
685 2212 871 2282 describitur,
884 2212 960 2269 diem
969 2217 998 2269 et
1009 2229 1141 2268 mensem
1151 2211 1297 2269 exhibere.
1307 2213 1363 2269 Sed
1383 2213 1444 2271 hec
1454 2216 1578 2289 epistola
1595 2219 1626 2275 in
1647 2223 1757 2283 catinis
1776 2242 1823 2283 oo·

120 2301 224 2359 ilicibus
233 2300 481 2359 Chalcedonensis
495 2300 674 2359 collectionis
683 2302 774 2371 deest,
786 2317 839 2358 nec
851 2300 906 2356 luit
915 2300 946 2356 in
954 2301 1076 2374 antiqua
1084 2300 1183 2357 Graes
1193 2300 1371 2371 collectione,
1383 2300 1456 2363 alies
1467 2320 1484 2359 a
1494 2305 1594 2363 Latino
1614 2308 1771 2383 interprete
1790 2314 1821 2374 in

121 2390 223 2449 latinis
233 2389 453 2464 exemplaribus
465 2406 521 2447 non
534 2389 637 2447 luisset
649 2391 768 2447 omissa.
781 2390 853 2447 Hinc
864 2393 963 2446 autem
975 2406 1039 2462 qun
1051 2388 1136 2445 hodie
1146 2388 1253 2463 legitur
1263 2388 1293 2446 in
1312 2406 1384 2447 msa.
1395 2391 1513 2462 Grecis,
1534 2396 1688 2467 posteriori
1707 2401 1822 2461 addita-

15 2484 18 2488 ’
121 2485 210 2539 mento
219 2479 378 2537 tribuenda
388 2484 442 2539 est.
455 2480 567 2536 iitsane
576 2478 666 2536 veluti
677 2477 812 2535 addititia
823 2479 852 2534 in
864 2495 936 2536 mss.
948 2478 1056 2534 Grecis
1065 2476 1185 2535 Venetis
1195 2482 1345 2551 postremo
1356 2479 1419 2537 loce
1429 2472 1555 2553 ponitur*
1566 2490 1632 2543 ente
1642 2490 1734 2560 geete,
1755 2506 1822 2549 oum

122 2571 237 2625 ndreae
246 2566 403 2625 collectore
413 2568 479 2624 aliis
489 2568 667 2641 quibusdam
679 2567 880 2624 monumentis
891 2584 943 2624 suo
954 2583 1036 2624 more
1046 2568 1203 2640 praeposita
1213 2568 1326 2625 inisset.

13 2650 17 2655 ’
150 2659 192 2714 31.
203 2658 287 2715 Nune
297 2658 481 2714 memorandi
494 2662 564 2715 suat
579 2658 693 2715 codices
703 2658 811 2732 quibus
822 2662 949 2715 utemur.
963 2662 1002 2714 De
1014 2655 1087 2715 solis
1098 2656 1209 2713 Latinis
1220 2656 1268 2715 hic
1278 2656 1435 2717 dicendum
1445 2663 1501 2731 est,
1513 2677 1580 2717 cum
1597 2663 1744 2740 pleraque
1762 2671 1823 2744 epi·

122 2745 240 2817 stolaead
251 2746 328 2803 hanc
339 2745 539 2803 collectionem
550 2746 696 2821 exigendis
707 2746 807 2803 Latine
818 2746 943 2819 scripte,
954 2750 1027 2803 etex
1040 2744 1175 2819 originali
1187 2746 1299 2815 Latine,
1315 2748 1556 2820 reprobavimus.
1567 2758 1693 2828 sumpte
1703 2756 1823 2818 luerint.

123 2835 272 2893 DeGraecis
281 2852 350 2892 vero
361 2835 512 2893 codicibus
522 2836 679 2907 separatim
689 2853 811 2910 agemus
822 2840 935 2909 postea.
947 2836 1010 2894 Duc
1031 2853 1103 2894 mss.
1116 2836 1294 2909 exemplaria
1313 2837 1454 2896 Thuanea
1473 2839 1646 2905 Quosnellus
1665 2844 1825 2919 aliquando

126 2924 264 2982 adhibuit.
275 2925 335 2982 Nos
346 2930 444 2982 autem
456 2942 514 2981 non
525 2924 621 2983 solum
632 2926 808 2998 proiecimus
819 2942 853 2983 ex
864 2926 959 2982 tribus
970 2925 1123 2983 codicibus
1134 2925 1310 2996 Gorhciensi,
1324 2925 1499 2998 Divionensi,
1520 2936 1549 2988 et
1559 2931 1732 3005 colbertina,
1751 2953 1826 3011 quo·

126 3030 187 3069 mm
196 3013 341 3070 vadantes
350 3013 837 3088 ediditdiligentissimusBaluzius
847 3013 877 3069 in
889 3012 1153 3071 recensionetotius
1163 3013 1407 3072 Chalcedonensis
1418 3016 1597 3079 collectionis
1607 3039 1614 3092 ;
1626 3025 1826 3088 verumetiam

13 3093 14 3112 ³
126 3105 244 3174 quatuor
252 3101 326 3159 alios
341 3105 441 3159 exacte
451 3102 640 3173 contulimus,
649 3102 823 3175 chigianum
835 3104 897 3171 b83,
915 3102 982 3158 Vnt.
1002 3102 1083 3171 1323,
1095 3101 1185 3159 alium
1204 3102 1269 3159 Vnt.
1290 3105 1371 3171 1100,
1392 3109 1421 3162 et
1438 3123 1531 3163 unum
1550 3111 1826 3182 prestantissimum

125 3191 239 3264 capituli
247 3190 427 3250 Veransnsis
435 3193 481 3260 57,
492 3191 544 3264 qui
554 3192 658 3264 majori
669 3191 800 3249 iormain
811 3192 989 3265 quadratum
1006 3196 1153 3265 vergente,
1175 3195 1205 3248 et
1224 3191 1371 3266 scriptura
1389 3192 1419 3249 in
1436 3195 1510 3252 duas
1529 3196 1681 3255 columnas
1699 3199 1827 3260 discreta

123 3282 261 3348 exaratus,
272 3281 308 3337 ad
319 3280 481 3355 septimum
490 3280 603 3336 circiter
612 3279 754 3337 seculum
764 3280 898 3354 pertinet.
910 3281 1009 3354 Neque
1020 3280 1201 3337 omittendus
1211 3283 1257 3336 est
1266 3297 1346 3354 eque
1357 3280 1497 3354 antiquus
1507 3283 1666 3344 Vaticanus
1678 3287 1762 3361 1322,
1772 3290 1824 3363 itui

124 3367 195 3425 inter
202 3375 283 3444 gesta
291 3368 539 3427 Chalcedonensis
548 3369 704 3443 epistolum
713 3370 759 3437 28,
771 3371 807 3427 ad
818 3370 1000 3437 Flavianum,
1012 3374 1041 3427 ct
1051 3368 1224 3426 relationem
1240 3369 1343 3443 synodi
1355 3370 1390 3426 ad
1401 3374 1429 3426 8.
1443 3375 1564 3432 Leonem
1576 3389 1610 3430 cn
1626 3375 1748 3449 antiqua
1766 3395 1828 3438 ver-

127 3455 211 3526 done,
220 3463 249 3515 et
258 3475 326 3516 cum
337 3457 541 3532 episcopcrum
552 3458 819 3534 subscriptionibus
829 3458 956 3516 exhibet.

694 3601 784 3663 sxtx.
800 3603 837 3653 De
852 3601 1006 3653 collectione
1022 3600 1130 3652 decima
1143 3605 1245 3653 octava.

158 3724 202 3779 38.
212 3725 292 3784 Nunc
302 3727 339 3784 da
349 3726 479 3801 antiquis
489 3726 687 3801 peculiaribus
697 3725 888 3802 epistolarum
898 3727 928 3783 S.
940 3725 1045 3782 Leonis
1055 3724 1287 3783 collectionibus.
1300 3726 1333 3782 tn
1342 3730 1458 3785 vetusto
1467 3729 1603 3806 catalogo
1612 3735 1825 3811 manuscripto-

129 3815 377 3874 rumbibliothece
388 3816 731 3885 monasteriiliobiensis,
743 3816 1081 3890 quemexrlmbrcsiano
1099 3815 1198 3871 codice
1217 3815 1316 3872 seculi
1325 3831 1364 3886 rx,
1384 3816 1428 3874 vel
1447 3836 1475 3888 x,
1501 3820 1630 3894 vulgavit
1648 3824 1825 3890 Muraenae
1861 3881 1866 3888 ,

126 3904 193 3958 tom
203 3904 248 3961 lii.
260 3904 402 3980 Antiquit.
416 3905 506 3963 Italic.
528 3906 600 3964 diss.
611 3907 657 3974 19,
671 3923 736 3981 pag.
748 3907 812 3973 819,
823 3906 886 3962 hac
896 3904 1036 3978 leguntur
1051 3908 1141 3961 :item
1152 3905 1353 3964 descensibus
1374 3907 1451 3964 inter
1470 3911 1760 3981 muJ'crcsetcrinorcs
1771 3922 1825 3978 sa.

18 4071 25 4080 ·
128 3991 222 4048 tentio
234 3994 298 4050 libri
306 4011 450 4052 cononum
465 4005 547 4065 nnec
562 3997 628 4053 libri
640 3998 831 4066 spintriarum
840 3996 980 4054 uenisti.
992 3996 1058 4052 anc
1069 3994 1171 4068 procul
1182 3995 1271 4052 dubio
1283 3995 1511 4068 peculiariserat
1521 4001 1712 4074 epistolarum
1723 4007 1825 4067 tanais

129 4080 258 4151 collectio,
273 4075 358 4159 cujus
368 4085 426 4141 duo
437 4084 706 4158 exempladuorum
716 4086 859 4143 librorum
872 4084 991 4141 nemine
1002 4084 1159 4140 indicatur.
1170 4084 1199 4140 si
1210 4081 1362 4160 catalogus
1372 4087 1500 4159 pertinet
1514 4091 1550 4146 ad
1572 4092 1713 4152 seculum
1723 4114 1762 4167 ur,
1780 4098 1827 4156 vol

129 4186 154 4238 r,
165 4170 198 4227 de
206 4177 345 4232 vetustate
356 4172 489 4248 ipsarum
500 4174 704 4232 collectionum
717 4192 768 4232 seu
779 4176 913 4233 codicum
924 4173 974 4247 qui
991 4174 1020 4229 in
1031 4189 1065 4231 eo
1084 4172 1252 4243 laudantur,
1273 4175 1340 4247 quis
1359 4176 1495 4234 dubitet?
1514 4178 1696 4241 Desiderium
1717 4185 1824 4244 Mrrntin

128 4258 215 4317 casin
222 4262 367 4334 abbatem,
379 4262 430 4337 qui
441 4267 543 4337 postca
553 4264 608 4321 ruit
617 4263 717 4321 Victor
726 4282 802 4338 papa
813 4265 862 4333 111,
879 4264 955 4320 inter
972 4266 1091 4320 ceteros
1102 4262 1300 4334 codicesqnos
1320 4264 1502 4324 bibliothece
1522 4269 1672 4328 (lesinensi
1692 4275 1822 4348 acquisi-

128 4346 175 4418 vit,
186 4356 281 4422 preter
288 4352 398 4410 librum
409 4369 579 4410 sermonum
590 4354 619 4410 S.
634 4353 736 4410 Leonis
746 4369 933 4427 comparasse
949 4352 1038 4408 etiam
1049 4350 1249 4409 collectionem
1260 4351 1463 4426 epistolarum,
1475 4356 1530 4414 Leo
1549 4358 1712 4418 Heratiensis
1730 4364 1825 4421 tradit

128 4432 176 4506 issi.
187 4454 256 4506 111‚c.
266 4442 311 4509 61,
324 4441 457 4498 ubihanc
468 4442 625 4514 reqislrum
642 4443 740 4499 noan
754 4458 837 4515 pepe
848 4440 986 4516 appellat.
999 4440 1085 4498 hibor
1095 4457 1264 4500 sermonum
1274 4441 1305 4500 iu
1320 4460 1354 4501 ea
1364 4443 1542 4504 bibliotheca
1552 4447 1648 4505 adbuc
1669 4455 1821 4523 servatur,

127 4524 160 4579 rt
169 4528 313 4598 renisum
321 4531 515 4602 epistolarem
525 4530 639 4588 deiecit.
652 4532 707 4589 Sed
714 4531 774 4589 hac
782 4531 972 4606 epistolarum
985 4529 1115 4587 collectio
1123 4529 1291 4590 recentioris
1299 4531 1361 4598 evi,
1369 4531 1628 4604 scilicctsecnlinr,
1639 4537 1823 4610 probabilius

127 4609 189 4682 icit,
197 4616 267 4676 sicut
275 4623 306 4678 et
315 4618 518 4678 collectionem
536 4636 715 4690 sermonum,
727 4638 791 4695 que
802 4626 945 4695 superest,
957 4618 1146 4679 recentiorem
1156 4637 1230 4690 esse,
1242 4620 1272 4677 in
1283 4620 1451 4693 prelatione
1471 4622 1507 4679 ad
1518 4639 1669 4684 sermones
1687 4627 1822 4694 animad-

126 4703 266 4766 vertimus.
546 4759 548 4761 .

158 4792 200 4849 39.
213 4796 260 4855 liic
270 4802 371 4856 autem
381 4814 450 4856 cum
465 4799 500 4856 de
516 4798 878 4873 antiqniseollectionihus
893 4815 989 4859 sermo
1000 4799 1049 4869 sit,
1059 4799 1090 4857 in
1101 4814 1175 4872 quae
1185 4797 1256 4856 olim
1266 4815 1301 4856 ex
1311 4796 1436 4858 archivis
1446 4800 1555 4872 omnia,
1566 4802 1610 4861 vel
1631 4803 1737 4864 saltem
1757 4807 1822 4881 plu·

126 4876 277 4946 nutricare
286 4887 427 4956 derivata,
438 4887 529 4946 codex
538 4887 728 4958 Grimanitns,
741 4906 798 4963 quo
809 4889 1076 4958 Quesnellussuam
1087 4887 1246 4946 editionem
1257 4886 1383 4945 maxime
1392 4886 1559 4962 illustravit,
1571 4895 1772 4969 aeseprimum
1782 4897 1824 4954 oi·

124 4967 186 5028 ieri.
195 4973 260 5035 Cum
269 4978 305 5036 de
315 4978 371 5037 hac
381 4977 490 5053 insigni
501 4976 679 5050 collectione,
691 4980 738 5036 cui
749 4980 896 5038 decimum
907 4984 1041 5037 octavum
1052 4977 1148 5036 locum
1158 4975 1328 5048 tribuimus,
1340 4977 1433 5040 multa
1444 4979 1618 5047 Quosnelius
1628 4984 1781 5041 tradiderit
1790 4984 1820 5039 in

124 5061 426 5141 semmipraetauone',
436 5084 527 5142 qnam
538 5071 642 5123 nostrae
653 5068 859 5141 itemgcnerali
871 5068 1063 5138 subjecimus,
1079 5081 1112 5122 eo
1124 5063 1261 5122 lectorem
1281 5065 1480 5136 remittimus;
1503 5087 1596 5145 neque
1617 5071 1696 5128 onim
1716 5071 1819 5127 eadem

121 5154 239 5224 repetem
247 5173 321 5231 opus
330 5160 388 5215 est.
398 5156 501 5215 Solum
511 5156 691 5214 advertimus
700 5157 731 5213 P.
743 5157 958 5224 Constantium,
970 5156 998 5212 iu
1010 5153 1178 5227 prelatione
1188 5154 1224 5209 ad
1236 5153 1327 5226 Spist.
1340 5155 1424 5213 Rom.
1437 5159 1541 5231 pontii.
1567 5178 1596 5217 n.
1619 5159 1684 5226 100,
1704 5155 1819 5231 opinari
1854 5157 1858 5162 ’

117 5234 192 5298 hunc
200 5247 324 5304 codicem
335 5251 404 5305 ante
414 5263 507 5304 annos
516 5247 570 5301 700
579 5246 671 5304 luisse
680 5247 872 5322 descriptum,
884 5248 913 5304 id
924 5250 968 5303 est
977 5262 995 5300 a
1005 5242 1120 5300 circiter
1130 5240 1236 5300 saeculo
1249 5260 1255 5311 ;
1268 5242 1365 5316 ipsam
1376 5248 1475 5304 eutem
1486 5247 1688 5305 collectionem
1709 5246 1820 5304 deriva-

13 5333 14 5412 }
116 5329 260 5406 nmpunt
268 5336 433 5394 exarcbivo
443 5334 575 5394 licclesiae
586 5335 723 5394 Romane
735 5354 742 5405 ;
755 5338 827 5395 adeo
837 5338 915 5394 enim
927 5333 1036 5392 meritas
1046 5331 1208 5405 peculiares
1221 5329 1362 5406 epistolas
1377 5335 1505 5405 exhibet,
1518 5353 1594 5409 quas
1603 5334 1673 5392 alibi
1683 5333 1817 5408 potuisse

13 5415 14 5480 l
113 5421 229 5489 repaire
241 5425 362 5483 difficile
371 5431 425 5482 est.
438 5428 515 5482 latter
525 5424 664 5498 epistolas
673 5425 784 5483 scilicet
794 5427 844 5483 101
856 5427 969 5496 Leoms,
981 5440 1047 5498 quae
1056 5422 1087 5478 in
1096 5439 1130 5480 eo
1141 5421 1239 5478 codice
1258 5423 1455 5492 continentur,
1467 5424 1594 5498 epistole
1615 5440 1704 5482 xxvrn
1732 5430 1820 5488 autea

14 5571 18 5582 Ι
111 5502 223 5568 inediis
235 5514 342 5572 amuda
352 5516 525 5589 prodierunt
535 5513 676 5571 nimirum
687 5518 790 5573 unaad
803 5515 985 5580 Flavianum,
997 5512 1130 5586 epist.27
1141 5526 1220 5580 ;una
1230 5511 1266 5567 ad
1278 5512 1428 5582 Faustum,
1448 5512 1533 5585 opst.
1553 5514 1607 5582 ⁷53
1627 5517 1692 5572 octo
1711 5515 1747 5576 ad
1765 5516 1818 5573 in·

109 5591 232 5672 lienam,
249 5605 450 5677 ορίεῑ.80,02,
463 5605 524 5672 117,
537 5603 745 5674 reniteret,
768 5605 819 5662 117
841 5611 869 5664 et
889 5605 959 5675 1523
980 5619 1039 5660 una
1058 5601 1094 5659 ad
1114 5599 1415 5672 Paschasinum,epist
1432 5600 1486 5669 883
1507 5605 1632 5674 mutuor
1655 5605 1692 5663 ad
1710 5606 1817 5666 Anato-
