4050 6175
141 238 194 306 tot

472 238 678 310 sandonus
699 242 733 308 S.
755 241 874 309 Luem
895 245 1034 310 MAGNO
1055 242 1279 312 arietabat.
1302 242 1419 313 SERM.
1441 242 1522 314 thl.
1607 320 1611 325 ,

1788 250 1848 317 tos

142 371 403 432 lianteadrentum
415 375 541 450 Spiritus
552 377 970 462 sanctiminusoapaceseraut
985 383 1011 451 Α
1027 396 1079 453 per
1091 397 1158 437 eum
1175 379 1309 453 pluribus
1319 381 1555 455 disseminatum,
1567 397 1621 458 ope
1635 401 1695 441 sue
1711 378 1849 444 interces-

143 446 177 503 ad
192 446 387 519 intelligenda
401 466 508 505 areana
525 449 628 505 divine
650 450 852 519 sublimitatis,
870 451 969 508 minus

142 520 226 574 iaucs
239 519 277 574 ad
295 519 450 576 toleranda
461 523 581 577 adversa
594 522 730 577 bumana
744 523 965 594 pravitatissed

142 591 181 646 eis
195 590 370 646 adveniente
381 592 491 665 Spiritu
501 598 600 649 sancto
610 611 676 649 ellit]
696 601 853 661 uirgineum
865 595 968 648 divitie

140 661 967 735 agnitionisdataestconstautiavinccudiuduersammnli

140 732 966 806 hujus.UndeniincillisDominicapromissiunedicitur:

140 803 322 860 tenueere
345 807 515 867 Paracletus,
530 824 611 877 quein
620 823 668 875 epo
679 810 785 862 utitlunt
797 809 869 862 celiis
885 827 899 862 u
914 810 967 862 Pe-

139 882 188 939 tro,
202 877 345 946 Spiritum
360 879 482 932 ueritatis
495 880 544 948 qai
557 896 574 932 a
589 883 672 933 Putre
684 879 814 948 procedit,
833 880 880 933 illc
894 881 967 934 testi·

140 950 259 1001 monium
268 948 427 1018 perhibebit
439 949 472 1003 dc
482 957 564 1015 meet
574 965 617 1004 uos
627 950 968 1020 testimoniuinpecliibebi-

140 1020 252 1089 tantu
267 1019 303 1072 ali
315 1020 399 1074 initio
412 1036 517 1075 curcua
532 1023 595 1075 estis
615 1023 704 1088 (teuit.
716 1037 762 1085 xv,
779 1022 835 1091 26),
853 1021 965 1076 Notan-

140 1090 354 1144 dumautemin
367 1090 966 1163 primisquodDominusapiriunnverua-

140 1162 211 1214 tisct
221 1177 239 1214 a
249 1177 282 1214 se
294 1160 474 1216 mittendum
489 1179 552 1217 esse
563 1167 730 1233 testatore
745 1164 881 1217 eniudem
899 1181 965 1218 urim

139 1231 240 1286 aPatre
251 1233 413 1301 procedere
424 1233 647 1304 subjungitmon
660 1234 736 1305 qiiod
749 1234 826 1287 idom
837 1233 964 1304 Spiritus

138 1303 218 1356 aliter
231 1321 248 1356 a
264 1302 352 1358 Patre
368 1304 498 1375 procedit
513 1321 601 1376 quam
626 1322 643 1359 a
667 1304 736 1358 t'ilio
757 1304 895 1373 mittitur,
912 1306 963 1361 sed

138 1373 275 1429 idearum
291 1373 383 1430 riuus
394 1380 422 1429 et
432 1393 449 1430 a
460 1392 490 1431 se
510 1375 587 1430 n·1itti
606 1380 634 1431 et
650 1393 666 1429 a
681 1377 763 1431 Patre
778 1376 849 1430 dicit
862 1393 963 1448 prooe-

138 1445 211 1509 dcrn,
228 1452 261 1499 ut
276 1443 368 1500 aliam
387 1446 590 1509 iniciendam
615 1463 679 1502 esse
702 1464 785 1501 suam
807 1462 962 1517 personam

137 1517 316 1587 designetur
326 1517 356 1571 in
368 1520 468 1573 cadem
481 1517 864 1589 distinctionopersouarum
873 1536 960 1574 unam

138 1588 406 1658 esseoperationem
417 1606 448 1644 ac
459 1588 637 1644 voluntatem
648 1607 731 1643 suam
741 1589 961 1646 cumvoluntatc

137 1659 262 1714 Patriset
273 1661 444 1730 operatione
463 1660 708 1715 denuntiet.Cuu1
733 1660 810 1714 cuim
827 1662 959 1732 ejusdem

1027 452 1117 509 sionis
1133 458 1241 518 tutum,
1249 470 1282 510 ac
1297 455 1429 536 perlecta
1440 456 1703 513 consummationis
1714 458 1796 532 fruge
1807 474 1850 515 re-

1025 524 1132 578 lectum
1149 525 1178 579 in
1194 524 1362 580 celestibus
1385 526 1504 582 demum
1527 528 1640 584 horreis
1665 528 1847 585 conderetur.

1025 594 1107 650 Hunc
1120 612 1187 668 ergo
1203 595 1331 668 amplius
1343 598 1460 668 propria
1470 605 1750 672 venerentur,quen1
1760 600 1848 655 etiam

1024 666 1178 791 peregrina
1188 666 1342 723 mirantur:
1355 674 1500 748 quatenus
1511 669 1552 726 cis
1562 687 1593 725 se
1603 670 1757 740 largiorem
1768 671 1847 726 exbi-

1044 742 1090 793 eat
1101 755 1130 793 m
1144 738 1304 809 boneficiis,
1321 739 1428 810 quibus
1444 756 1474 796 se
1485 741 1685 797 amabiliorem
1698 742 1848 813 cognoscit

1024 807 1051 862 in
1069 809 1194 880 garritis,
1212 810 1320 935 talpae
1335 810 1364 865 in
1380 811 1444 880 ejus
1468 809 1652 867 solemnitate
1676 812 1791 869 uberior
1802 812 1847 868 te·

1023 879 1092 934 titia
1109 881 1248 948 ambitus,
1283 898 1371 952 equo
1387 882 1453 936 lidci
1469 884 1557 938 crevit
1572 882 1701 939 allectus.

1057 952 1124 1006 Cae.
1142 952 1212 1006 u.-
1228 952 1267 1022 (d)
1278 952 1373 1023 llujus
1387 952 1514 1025 denique
1525 953 1737 1035 spiritustauto
1752 954 1843 1011 virtu·

1021 1024 1084 1076 tum
1096 1039 1216 1077 rnunere
1227 1021 1377 1088 clamitat
1387 1024 1462 1079 sacri
1472 1024 1627 1080 ministerii
1639 1022 1842 1090 luitusolhcio,

1021 1094 1070 1164 qui
1082 1094 1186 1148 Filium
1197 1093 1247 1149 Ilei
1256 1094 1412 1149 Dominum
1424 1096 1842 1152 nostrumsecuturusessetin

1020 1164 1166 1244 passione,
1178 1165 1309 1233 ejusdcm
1322 1165 1428 1221 Christi
1439 1166 1751 1247 calicemoredeutibus
1760 1166 1843 1237 prius

1020 1235 1378 1292 ministraretinsalutem.
1395 1238 1484 1307 Cujus
1496 1238 1604 1294 haustu
1614 1238 1736 1295 feliciter
1746 1242 1843 1293 mente

1019 1305 1158 1388 ebriatus,
1176 1307 1267 1362 rabidi
1291 1308 1383 1363 hostis
1400 1313 1487 1381 atque
1500 1309 1527 1365 in
1539 1309 1687 1365 Christum
1697 1308 1841 1365 saevientis

1018 1377 1321 1434 insaniaminterritua
1334 1378 1416 1445 adiit,
1429 1381 1578 1435 modestus
1594 1380 1745 1445 sustinuit,
1761 1396 1842 1436 secu·

1017 1448 1175 1511 rusirrisit,
1187 1449 1481 1521 scieusparatusesse
1496 1451 1776 1519 dtssntreaisteret,
1788 1467 1841 1506 noe

1017 1518 1283 1576 scienselatusesse
1292 1522 1327 1592 (c)
1342 1538 1399 1592 quo
1412 1521 1553 1577 vinceret:
1569 1522 1637 1594 quia
1646 1524 1730 1592 cujus
1741 1538 1841 1577 amore

1016 1589 1199 1662 spiritalibus
1208 1592 1298 1647 armis
1304 1592 1497 1664 premunitus
1507 1594 1669 1655 resistebat,
1682 1592 1747 1664 ejus
1757 1593 1838 1663 adju·

1016 1661 1090 1717 torio
1101 1662 1243 1734 quidquid
1255 1680 1405 1735 poenarum
1417 1664 1447 1718 in
1468 1663 1551 1719 illum
1565 1665 1688 1721 furentis
1702 1665 1747 1720 ira
1760 1680 1840 1720 exce

136 1730 260 1801 Spiritus
274 1732 373 1801 gratia
388 1730 475 1785 datur
493 1730 675 1795 homiuibus.
691 1730 819 1787 mittitur
834 1732 960 1802 proiecto
976 1752 998 1817 Β
1016 1732 1347 1805 gitabat,iusuperabilis
1360 1735 1472 1790 sortiter
1482 1735 1839 1808 patiendovineebat.ldeo

137 1800 260 1872 Spiritus
275 1802 388 1856 aPatre
402 1803 530 1856 mittitur
550 1801 672 1867 aFilio;
691 1802 820 1873 procedit
835 1820 850 1857 a
867 1803 959 1870 Patre,
1018 1802 1095 1859 bunc
1108 1822 1163 1860 uon
1173 1804 1567 1879 laminaeiguitcesartaginis‚
1581 1806 1838 1879 nouaquulei,non

138 1872 262 1944 procedit
272 1876 302 1927 et
317 1890 335 1928 a
352 1873 434 1941 Filio,
452 1876 521 1943 quta
535 1875 598 1954 rjus
619 1872 721 1928 missio
736 1872 800 1942 ipsa
812 1875 959 1944 processio
1017 1875 1132 1948 ungula
1146 1878 1426 1949 serreequemanus,
1440 1875 1838 1949 nonvirespauendecaeden·

136 1948 253 2013 estque
276 1960 311 1998 ea
333 1943 417 1999 Patre
443 1944 614 2016 proceditet
632 1943 711 1999 Filio.
738 1943 824 1999 Venit
847 1962 882 2000 ex
907 1962 961 2000 aua
1015 1947 1167 2009 tium,nac
1193 1947 1275 2003 dolor
1290 1949 1450 2004 scissorum
1480 1950 1692 2017 membrorum,
1709 1966 1767 2004 non
1783 1949 1838 2005 soci

137 2031 149 2068 s
190 2021 295 2070 annea
305 2014 465 2081 voluntate,
491 2015 518 2070 ui
531 2016 607 2071 siout
618 2015 772 2087 coequalis
786 2021 830 2070 est
846 2016 922 2070 Patri
933 2022 961 2072 et
1015 2019 1149 2090 tragoret
1160 2021 1352 2090 strepentisiu
1367 2019 1779 2091 patentibusvisceribussalis
1795 2020 1838 2075 in·

156 2084 216 2151 ilic,
233 2085 420 2141 itaeamdetn
441 2086 479 2140 hu
500 2090 528 2141 et
551 2085 730 2141 voluntatem
753 2103 819 2141 curn
837 2086 919 2141 Patre
932 2092 961 2143 et
1011 2088 1112 2159 jectis,
1131 2089 1246 2144 {taciani
1261 2090 1418 2171 quiverunt
1432 2089 1617 2174 aliquatenus
1637 2092 1762 2148 subdere
1772 2092 1838 2162 jus·

137 2156 216 2212 Filio.
231 2158 353 2228 Spiritus
369 2158 444 2212 enim
458 2158 506 2212 ulti
527 2160 585 2212 uult
601 2159 689 2228 spirat
705 2160 795 2226 (tottii.
812 2175 853 2222 ιιι,
868 2158 895 2228 8)
908 2164 960 2227 ,et

138 2227 210 2282 sieut
225 2227 382 2299 Apostolus
406 2228 585 2285 enumeratis
609 2229 694 2283 donis
719 2228 884 2284 celestibus
899 2230 957 2286 ait:

138 2300 195 2353 tiaec
204 2302 508 2370 mirimoperatnrunns
523 2300 680 2371 utqueidciu
689 2302 819 2371 Spiritus,
832 2300 960 2355 dividens

140 2371 250 2440 impetis
264 2374 348 2441 prout
365 2372 422 2425 tull
438 2373 462 2441 (l
477 2371 535 2426 Cor.
549 2389 599 2436 xu,
614 2373 666 2429 Η).
683 2371 843 2425 Adveniens
861 2377 959 2426 autom

139 2441 257 2511 Spiritus
268 2446 390 2497 sanctus
401 2442 602 2497 testimonium
614 2443 649 2497 dc
661 2442 783 2497 boaiiiuo
794 2442 957 2514 perbibuit:

160 2512 206 2566 uia
219 2512 431 2585 discipulorum
448 2512 583 2568 cordibus
599 2514 732 2584 aspirans
745 2514 912 2584 omniaque
924 2514 959 2569 de

142 2598 149 2637 ι
171 2600 187 2637 o
201 2588 280 2638 erant
294 2583 450 2639 sentienda
466 2585 638 2639 mortalibus
649 2584 725 2639 clara
737 2584 794 2638 illis
806 2583 869 2639 luce
881 2601 958 2640 reve-

142 2652 214 2721 tavit,
229 2656 306 2725 quod
322 2654 456 2710 videlicet
467 2654 587 2726 ¹equalis
597 2661 625 2710 et
636 2655 895 2710 consubstantialis
906 2656 958 2710 Pa-

143 2726 175 2779 tri
187 2731 246 2780 erat
259 2731 328 2781 ante
344 2724 462 2790 secula,
476 2726 554 2795 quod
579 2725 839 2782 consubstantialis
865 2728 958 2781 iactus

143 2796 316 2852 aracusia
334 2798 391 2852 tine
405 2796 670 2869 saeculorumquod
687 2799 722 2852 de
738 2797 857 2870 Virgine
873 2801 959 2853 natus

142 2867 201 2923 eine
214 2876 330 2940 peccato
341 2868 417 2937 vixit
432 2868 460 2923 iu
477 2870 596 2924 mundo.

391 2986 467 3040 Finis
482 2984 571 3041 deesse
587 2984 701 3040 ridetur.

389 3073 462 3131 421
487 3073 607 3130 SERMO
626 3074 701 3129 Xlll.

298 3165 330 3219 lu
346 3164 440 3219 tioudi
455 3163 483 3218 S.
503 3164 635 3218 t'inceutii
648 3165 790 3235 institeris.

144 3250 382 3323 lemirunpunn
405 3253 557 3306 ieronimus
581 3253 611 3305 in
636 3269 687 3305 ms.
716 3252 891 3306 t'uitircltauo
911 3267 957 3317 xv,
1031 3299 1036 3309 ,

175 3323 239 3378 unic
253 3325 283 3378 in
299 3324 440 3394 aliquibus
456 3323 619 3378 editionibus
632 3330 691 3393 post
709 3323 805 3378 Leonis
819 3323 959 3378 Seneca

172 3397 304 3464 adjectus
318 3402 366 3449 est.
386 3395 404 3448 it
426 3395 569 3462 Quesvielto
595 3396 716 3465 primum
739 3399 769 3447 in
784 3393 960 3464 appendicem

173 3469 412 3534 miserescimus
434 3465 536 3519 dicotur
555 3482 604 3519 uis.
627 3465 661 3519 ab
688 3465 780 3520 codem
807 3465 960 3546 rccupnitns

172 3538 212 3592 tric
224 3537 383 3602 exhibetur,
395 3538 444 3607 prii
453 3544 478 3591 et
492 3538 644 3606 Hispanum
654 3552 711 3591 csso
719 3540 857 3590 tinctorem
866 3551 895 3588 cn
905 3550 960 3588 rno-

171 3611 224 3663 scito
238 3617 341 3664 nostre
354 3609 517 3679 parturient
537 3609 637 3662 truecto
660 3624 714 3662 nou
744 3607 961 3676 improbabiliter

169 3681 292 3750 conjecit.
324 3681 379 3734 tloc
406 3679 546 3748 Qccesnelti
569 3679 706 3750 judicium
735 3678 885 3749 approbant
903 3678 958 3731 PP.

169 3752 301 3814 tauriui,
318 3752 368 3821 qui
383 3750 457 3804 bunc
470 3765 619 3805 senmunu
630 3751 658 3804 iu
671 3750 809 3820 plerisque
824 3747 960 3803 codicibus

160 3824 326 3892 tlepndino
341 3822 474 3876 tributum
488 3821 653 3876 recuderunt
681 3824 712 3876 in
737 3818 851 3892 cippcnd.
868 3824 960 3889 iupu-

165 3896 235 3949 dini
248 3902 316 3949 wm.
336 3894 364 3960 t,
380 3908 461 3948 scrin.
483 3895 539 3947 188.

164 4010 236 4065 Car.
254 4010 497 4064 I.—Cunctorum
515 4007 591 4071 licet,
608 4005 802 4070 dilectissimi,
819 4005 962 4075 gloriosas

134 4076 961 4201 martyrumpassionnem)quosdistinctarepionibuslo·

133 4149 499 4214 emerueruntunaddes
509 4149 785 4204 iaciatomnibusini
799 4147 961 4203 iscretoho-

133 4242 199 4280 nore
215 4220 414 4288 venerabilis,
424 4222 569 4293 propriam
581 4226 677 4275 tamen
695 4219 751 4274 sibi
768 4219 796 4274 in
814 4219 867 4274 hoc
882 4235 964 4273 rene·

134 4295 256 4351 rationis
273 4291 418 4363 obsequio
433 4291 474 4345 illi
491 4291 639 4346 vindicant
653 4290 893 4362 diguitateui,qui
911 4289 961 4343 Eo-

133 4367 254 4423 elesiam
267 4364 320 4420 Dei
337 4370 365 4418 et
380 4363 564 4418 documentis
576 4380 633 4434 pra
644 4362 755 4417 caeteris
766 4365 963 4424 erexeruntct

137 4435 311 4510 patrociniis
322 4434 756 4504 adjuveruntlntcriiiiosjuste
766 4431 962 4488 beatumlcvi-

1014 2159 1100 2214 sioui.
1118 2161 1172 2236 Sed
1188 2161 1258 2215 dum
1275 2179 1303 2215 m
1320 2166 1436 2216 tautum
1447 2178 1510 2233 ejus
1525 2162 1665 2218 vecordiae
1676 2168 1776 2217 tumor
1789 2178 1836 2216 ex·

1014 2236 1165 2288 cresceret.
1182 2232 1318 2286 attentis
1335 2232 1505 2303 passionum
1521 2233 1676 2287 subactum
1686 2232 1837 2288 doloribus

1014 2307 1066 2357 aut
1077 2301 1237 2359 vicisseaut
1246 2302 1427 2358 interemisse
1439 2320 1470 2358 se
1484 2301 1834 2368 laetabundusextolleret,

1014 2378 1151 2454 suscepta
1162 2390 1212 2445 spa
1229 2374 1396 2439 t'rastratus,
1407 2374 1483 2429 unde
1496 2374 1678 2429 victoriisus
1687 2377 1731 2431 est
1746 2390 1835 2446 appo-

1014 2460 1088 2509 rcre,
1106 2444 1834 2516 indevictuscanipulsusesterubeseere:quoniam

1014 2532 1072 2587 qua
1083 2516 1132 2571 Dei
1145 2516 1368 2587 martyrduriori
1379 2515 1537 2589 urgebatur
1546 2533 1640 2587 prena,
1653 2532 1686 2571 eo
1699 2515 1835 2588 ampliori

1014 2587 1205 2643 consessionis
1230 2586 1378 2642 exultabat
1401 2586 1576 2643 constantin.
1591 2587 1624 2659 (t)
1645 2587 1727 2643 Unde
1741 2586 1835 2659 ipsius

1015 2657 1160 2729 passienis
1172 2658 1214 2714 vel
1227 2658 1329 2713 ultima
1343 2659 1501 2729 pervidere,
1518 2675 1569 2714 seu
1593 2657 1760 2724 memorari,
1776 2659 1836 2713 ira·

1014 2729 1250 2793 tres‚cvidentius
1262 2730 1369 2801 placet:
1407 2733 1531 2785 eatenus
1546 2727 1835 2785 animadvertatsnn·

1013 2801 1099 2857 etitas
1112 2806 1208 2856 vestra
1223 2818 1280 2873 quo
1305 2748 1439 2856 diubcius
1450 2801 1488 2871 (p)
1500 2817 1586 2855 suum
1604 2800 1769 2872 perduxerit
1784 2801 1835 2856 do·

1013 2870 1050 2926 lis
1067 2871 1245 2933 ministrum,
1262 2870 1304 2926 vol
1321 2872 1465 2944 quomodo
1489 2870 1622 2928 Christus
1646 2889 1734 2928 suum
1754 2871 1783 2927 in
1799 2872 1836 2944 ii·

1013 2959 1080 2997 nem
1098 2959 1131 2998 us
1155 2960 1190 2998 uc
1205 2944 1362 2998 servaverit
1377 2942 1530 2998 tumulum.

1049 3013 1115 3069 Car.
1132 2959 1179 3069 iil.
1193 3046 1225 3054 —
1241 3015 1280 3068 Ex
1291 3031 1348 3086 quo
1372 3013 1520 3070 itlndsane
1534 3017 1598 3069 erat
1608 3013 1753 3080 mirabile,
1766 3008 1836 3085 quia

973 3119 994 3186 (¹
1014 3084 1403 3167 quantumisteextriusecus
1414 3084 1837 3211 multiplicipoenarumtpcnere

988 3161 995 3184 ⁴
1013 3162 1155 3212 eoiitritus
1166 3158 1343 3223 arctabatur,
1356 3162 1470 3213 tantum
1486 3161 1662 3212 intrinsecus
1672 3173 1741 3213 exsu
1756 3160 1836 3213 tante

1013 3227 1144 3283 interiori
1156 3227 1460 3283 hominedilatabatur
1471 3245 1478 3294 3
1491 3231 1693 3308 quantumque
1702 3226 1835 3282 illesxte·

1013 3298 1537 3380 riusjactantiatemporulispotenttae
1548 3298 1585 3380 (a)
1597 3298 1762 3363 inflabatur,
1774 3302 1835 3353 tan·

1013 3374 1076 3425 tum
1087 3370 1265 3426 interiusdes
1289 3369 1324 3424 ici
1333 3386 1364 3425 se
1375 3370 1567 3441 perpendens,
1576 3368 1707 3425 interiori
1714 3371 1833 3425 vexatus

1014 3387 1363 3512 homiuepraeloeaiiatur.
1375 3440 1526 3495 Contemni
1544 3439 1835 3505 sevidcnssoeviebat,

1015 3528 1067 3566 neo
1085 3511 1113 3565 iu
1130 3512 1287 3582 quemjam
1301 3511 1459 3566 vindictam
1475 3509 1836 3566 interretinvoniebat.Vi-

1014 3579 1759 3663 debatnamquadesaevientiummanuscarnificum
1769 3580 1837 3653 plus

1016 3654 1044 3708 in
1061 3671 1093 3708 eo
1103 3653 1229 3708 invenire
1238 3651 1367 3708 vulneris
1378 3667 1467 3723 qiiam
1478 3651 1617 3724 corporis,
1628 3649 1782 3723 solumque
1795 3651 1835 3708 vi·

1016 3723 1311 3797 geutemtiispiritum
1326 3740 1360 3779 eo
1378 3721 1532 3778 stultitiam
1548 3723 1721 3795 exprobrare
1737 3739 1834 3787 suam,

1016 3794 1395 3921 quoprovocabatveritatis
1408 3790 1838 3877 normaQuaprnptercrodens
1854 3861 1864 3870 ἢ

1017 3884 1074 3939 que
1102 3866 1598 3933 causamcontusionisaverteret,si
1610 3882 1837 3938 personamque

1017 3954 1048 3993 se
1063 3941 1210 4009 spreverat
1221 3937 1397 4002 absentaret,
1410 3936 1567 4009 minusque
1576 3936 1721 3993 Decianus
1735 3938 1839 3993 erube·

1017 4009 1139 4064 sceretsi
1149 4007 1532 4079 Vincentiumpopuiusnon
1548 4007 1838 4079 videret,jussiteum

1017 4079 1156 4152 apublico
1166 4080 1373 4136 remoratae}
1387 4080 1470 4135 riesic
1481 4080 1716 4150 quidemcareret
1726 4080 1838 4153 suppli-

1017 4153 1077 4217 cio(
1077 4150 1102 4222 j)
1114 4155 1236 4206 contusa
1249 4168 1307 4221 qua
1314 4151 1512 4222 jacebattesta
1527 4149 1724 4206 substernitur
1736 4168 1742 4206 ι
1754 4156 1785 4206 ut
1795 4151 1838 4206 vis

1018 4221 1160 4278 acuminis
1175 4223 1323 4278 concisam
1341 4221 1448 4277 niolam
1464 4221 1620 4294 superjecti
1631 4221 1760 4293 corporis
1772 4220 1839 4293 plus

1018 4293 1204 4360 discinderet,
1222 4297 1309 4365 atque
1325 4293 1437 4347 reddita
1459 4293 1611 4347 tormentis
1632 4292 1838 4364 membraque

1018 4371 1151 4419 secarent
1167 4363 1250 4419 obvia
1265 4365 1446 4436 susciperent
1460 4364 1497 4432 (t)
1514 4364 1686 4436 fragmenta.

1053 4439 1118 4490 Car.
1137 4435 1181 4492 lV.
1195 4467 1227 4476 -
1239 4434 1360 4491 Fallitur
1370 4440 1467 4488 tamen
1478 4433 1611 4489 vincendi
1622 4432 1756 4505 opinione
1765 4450 1839 4489 ceca

136 4519 191 4564 um
209 4506 414 4574 Vincendum,
431 4507 516 4575 cujas
531 4504 712 4560 contessione
727 4509 756 4560 et
775 4509 867 4559 morte
882 4502 963 4559 Chri·
979 4485 1002 4550 Ῑ)
1019 4506 1264 4562 crudelitasb'am
1281 4503 1503 4561 divinationitas
1519 4503 1656 4559 dilectum
1672 4521 1760 4560 suum
1776 4521 1838 4559 am-

137 4586 211 4636 atum
224 4577 391 4633 incredulis
405 4577 591 4649 praedicatum
617 4576 817 4631 incunctanter
831 4574 963 4646 agnosci·

139 4647 372 4716 mus,catholicis
387 4645 962 4718 studiis(b)celebramusQuinitidulium

141 4721 320 4777 devotionem
348 4721 402 4775 beo
428 4718 589 4774 studiosius
616 4718 843 4785 commendaret,
870 4714 964 4772 altiori

144 4792 287 4847 eharitatis
299 4795 333 4857 (ct
342 4790 545 4845 flammescens
553 4789 760 4852 all'ectu,marti
769 4805 831 4843 sese
843 4788 961 4842 tandem

147 4861 387 4928 idetiterobtulit,
398 4878 456 4933 quo
471 4861 699 4916 videlicetrabur
720 4859 784 4914 fidei
801 4859 829 4913 in
846 4858 959 4914 solidis·

151 4933 425 5006 simapetraChristo
435 4933 589 4988 fundatum
601 4930 775 5003 sequacibus
785 4930 961 4985 imitandum

154 5001 266 5074 teratur,
284 5021 397 5061 necnon
413 5009 442 5059 et
457 5020 556 5061 semen
572 5001 737 5074 apostolice
749 5000 962 5074 predicationis

186 5214 216 5284 (et
228 5216 333 5273 Vocem
348 5232 415 5289 patos
434 5215 580 5272 desiderat
601 5212 813 5271 Lectionarium
830 5211 962 5270 Ecclesia

162 5282 347 5412 bupdunensis
363 5289 393 5343 in
409 5287 550 5343 Tbuanea
564 5286 748 5343 bibliotheca.
766 5284 872 5348 Qussu.

188 5367 194 5432 i
211 5359 295 5427 tcod.
309 5357 440 5415 t'allicel.
457 5376 504 5425 xv,
516 5359 689 5414 celebremus.

188 5435 217 5497 tr)
229 5430 269 5486 lta
283 5430 368 5486 codd.
386 5430 533 5501 Lugdun,
549 5429 715 5486 Corbeiens.
731 5430 759 5483 et
779 5425 881 5482 Vallic.
897 5443 963 5482 cum

163 5497 252 5562 Ouesn
267 5506 295 5557 et
310 5501 379 5556 edit.
395 5501 522 5574 append.
539 5503 612 5572 Aug.
628 5498 718 5562 Aliae,
729 5500 883 5568 flavescens.

188 5569 220 5639 (dt
233 5573 299 5628 Cod.
314 5571 438 5628 Vallia:
455 5575 543 5641 luitur
565 5574 594 5627 Β.
627 5571 761 5627 Vincentii
788 5570 902 5640 spiritua
912 5587 922 5630 ‚·
937 5573 965 5625 et

161 5655 215 5697 nex
228 5644 288 5698 cod.
302 5645 399 5712 corb,
415 5645 542 5699 misterii
556 5661 606 5716 pro
621 5642 782 5698 ministerii.

189 5713 219 5781 (ct
234 5714 307 5769 idem
325 5715 429 5797 cadet
444 5663 529 5797 derb.
550 5731 617 5770 cum
640 5713 766 5796 append.
782 5713 868 5838 hup,
884 5712 963 5784 quod.

191 5783 218 5853 tt]
228 5784 300 5842 Nunc
315 5788 346 5842 a.
362 5786 496 5842 Vincentia
507 5787 645 5859 passionis
660 5803 690 5842 m
705 5800 759 5841 ms.
776 5780 830 5838 tal
845 5799 880 5839 ic.

1038 4576 1096 4633 lius
1108 4577 1137 4632 iu
1149 4576 1329 4633 consessione
1342 4577 1479 4630 comitata
1496 4575 1582 4630 iniert
1593 4592 1695 4630 novam
1711 4575 1840 4632 tenebris

1019 4596 1388 4714 iucem,ettaberuaculum
1405 4646 1840 4718 dtbsplendidumobseurum

1020 4719 1311 4791 redditergastnlum.
1324 4720 1341 4772 1·“
1343 4719 1446 4773 avebat
1457 4717 1568 4773 laceros
1583 4719 1784 4775 artusmcdioa
1793 4719 1839 4776 Dei

1020 4789 1332 4854 manus,ctveuustiori
1364 4788 1659 4846 ristinaesauitatisau
1683 4791 1842 4847 mentales·

1020 4807 1842 4943 silanuscaninasuppiebatinsoluaigiturinustum-

1020 4931 1840 5059 uisclariuitupereuls1‚obstupuerecustodes,quinetvo·

1019 5003 1200 5077 eemaugolis
1228 5020 1350 5076 ymnum
1366 5008 1422 5060 beo
1435 5003 1666 5069 concinentibus,
1678 5018 1760 5058 mens
1776 4999 1840 5071 pnl-

1029 5261 1035 5271 .
1054 5218 1062 5289 (
1088 5216 1096 5287 t
1113 5217 1191 5272 Idem
1207 5215 1282 5281 eod,
1299 5215 1345 5269 sni
1354 5213 1582 5287 pcrtluecritdoli
1599 5213 1766 5267 ministrum.

1054 5235 1094 5359 iii)
1106 5288 1175 5344 Mss.
1192 5286 1358 5344 Gorboiens.
1375 5289 1403 5341 ct
1418 5279 1837 5356 Lugdunau.,inttammabatnr.

1054 5362 1087 5427 (i)
1103 5358 1193 5414 Iidem
1209 5358 1293 5425 codd,
1304 5373 1371 5412 cum
1385 5354 1486 5412 Vallia.
1508 5354 1559 5411 sic.
1572 5352 1661 5418 Alias,
1671 5353 1803 5423 spiritum
1816 5360 1841 5408 et

1018 5432 1165 5486 stultitiam
1179 5432 1346 5490 ecnrotrcrc
1360 5444 1448 5494 sunm,
1460 5425 1530 5498 pind
1541 5424 1702 5496 prouocabat
1716 5425 1842 5479 veniatis

1019 5518 1154 5559 noctuam.

1055 5575 1064 5645 t
1080 5575 1088 5645 )
1104 5572 1171 5628 Cod.
1189 5571 1284 5636 corb,
1300 5575 1410 5625 cunctus
1424 5567 1455 5621 in
1478 5581 1528 5637 quo
1537 5565 1646 5638 jucclud
1665 5567 1749 5634 locus,
1765 5569 1841 5622 testu.

1019 5591 1121 5700 Vailic.
1139 5648 1167 5698 et
1183 5659 1249 5767 app.
1265 5640 1553 5708 tiliamentumque.

1056 5717 1096 5788 (li)
1112 5714 1200 5771 Codd.
1237 5729 1273 5767 uo
1298 5711 1402 5774 Quesu.
1421 5712 1449 5764 et
1464 5713 1562 5765 noster
1589 5709 1690 5766 Vallic.
1718 5726 1750 5766 ac
1772 5724 1841 5780 epp.

1020 5786 1094 5860 Aug.
1106 5786 1256 5859 fracmine.
