4050 6175
265 354 344 421 llos

823 357 856 417 S.
878 355 1019 419 unceis
1041 354 1163 417 MAGNI
1188 352 1404 418 EPISTOLAE.
1860 362 1921 425 {lut

302 520 336 530 -
352 488 385 545 ll.
401 484 532 543 Eumdem
546 486 613 559 ipsis
622 488 815 560 mysteriorum
831 488 896 543 tocie
909 487 1027 544 edoceri.
1043 517 1078 529 -
1090 487 1137 543 lll.
1155 488 1195 542 dc
1208 490 1322 544 aeman
1336 489 1525 559 martiniane
1540 488 1679 544 certatam
1690 490 1787 547 nestra
1798 492 1826 545 ιιι
1837 492 1920 552 ttrite

302 560 395 615 aaronis
422 556 542 630 detmedi.
560 557 653 615 -lV.
668 559 797 615 Errantes
824 561 899 615 circa
927 561 1147 615 incantationem
1175 562 1335 615 tresnariae
1358 563 1501 632 altiusque
1526 560 1684 617 Testamenti
1708 562 1810 632 popinis
1833 565 1921 623 instrui.
1957 622 1959 627 ,

264 656 366 715 1285
380 656 437 714 Lao
448 657 487 732 (a)
497 655 580 714 urhis
590 656 687 713 Rcmae
698 657 852 740 episeopus
862 656 1087 714 Juvnssuitero·
1101 661 1126 725 Α
1161 674 1272 744 1233
1281 689 1323 751 Te
1337 688 1457 749 &mab
1470 687 1566 748 μωρῷ
1589 687 1742 746 smmi„
1754 687 1817 734 Μω,
1830 689 1916 752 ,W

508 727 684 802 salemitano
699 743 845 802 episcopo.

299 869 369 928 Gar.
378 871 401 926 1.
412 901 447 912 -
456 870 591 944 Acceptis
604 869 768 928 dilectionis
776 874 834 926 ture
842 869 957 938 litteris,
969 875 1088 944 quasad

265 975 313 1016 me
321 958 359 1032 (1)
369 957 423 1015 ulii
437 958 530 1016 nostri
538 959 671 1016 Andreae
681 960 832 1033 presbyter
842 963 871 1016 et
880 960 983 1017 Petrus
994 960 1090 1016 diaco·

265 1064 323 1105 nus
338 1046 515 1116 detulerunt,
531 1048 651 1121 gavisus
671 1048 791 1120 quidem
807 1065 874 1104 sum
889 1050 967 1121 quod
984 1049 1036 1105 tibi
1052 1049 1088 1106 ad

266 1135 452 1209 episcopatus
475 1135 519 1192 tui
544 1136 644 1192 ιοάοια
667 1136 762 1192 redire
785 1135 934 1207 lieuisset;
950 1138 1002 1195 sad
1021 1156 1090 1195 onn-

267 1223 426 1282 fluentibus
440 1223 471 1281 in
482 1225 713 1282 recordationem
724 1226 861 1283 omnihus
876 1227 975 1283 causis
989 1243 1053 1300 qua
1065 1232 1091 1284 te

268 1329 319 1387 par
334 1314 478 1386 quosdam
490 1329 628 1372 excessus
642 1311 776 1372 laborare
791 1315 932 1383 fecerunt,
948 1315 1028 1373 dolui
1044 1316 1092 1373 ad·

267 1401 440 1458 versitatum
449 1406 567 1459 tuarum
573 1403 822 1477 temetipsumtihi
830 1403 1090 1474 fuissemateriam,

268 1493 299 1546 et
308 1490 464 1549 resistendi
473 1490 618 1547 hereticis
628 1491 822 1547 constantiam
832 1492 1010 1565 perdidisse:
1023 1495 1093 1567 quia

268 1579 485 1637 estimantnou
495 1595 559 1636 esee
569 1580 623 1636 tihi
634 1578 759 1636 liberum
775 1586 864 1638 ntecs
879 1583 987 1639 audeas
994 1583 1092 1640 redar-

268 1684 357 1740 guare
367 1683 441 1740 quos
452 1667 505 1724 tihi
518 1667 669 1740 protessus
680 1668 756 1725 siaiu
769 1685 822 1726 suo
830 1686 928 1727 errore
935 1670 1090 1743 placuisse.

269 1756 363 1813 Beata
377 1755 457 1812 enirn
467 1756 613 1812 memorie
624 1756 752 1814 Flaviani
763 1757 978 1832 condemnatio,
993 1765 1023 1816 ct
1037 1761 1092 1818 im·

269 1843 541 1917 piissimiliutychis
550 1845 800 1919 receptio,(o)quid
811 1847 866 1903 nisi
875 1848 990 1905 Domini
1001 1852 1093 1907 nostri

267 1932 339 1989 teau
349 1931 457 1989 Christi
471 1933 633 1989 secundum
650 1950 768 1991 caruem
783 1938 899 2010 negatio
917 1939 991 1994 tuiti
1003 1957 1091 2012 qnam

1445 776 1541 817 σιιοπος
1561 760 1669 824 Ῥώμης.

1193 867 1330 932 Διόάμινος
1343 868 1386 927 τῆς
1404 867 1450 927 σῆς
1464 867 1596 923 διαθέσεως
1615 867 1757 933 γράμματα,
1777 867 1831 934 ἅπερ
1845 872 1871 918 τό
1888 873 1917 920 τι·

1159 973 1206 1009 τινα
1218 957 1290 1021 ἡμῶν
1309 956 1428 1022 nocenter
1440 958 1454 1006 1
1468 956 1637 1022 πρεσὸύτιρος
1652 954 1695 1004 νισι
1710 956 1834 1011 όδιόιιονος
1844 959 1918 1025 Πέτρος

1160 1044 1313 1110 ιοιόμισαν,1
1335 1046 1412 1105 ἦσιην
1435 1045 1488 1110 μὲν,
1509 1046 1593 1112 δτιπιρ
1612 1043 1652 1094 tat
1677 1044 1719 1095 τόν
1735 1045 1814 1111 θρόνον
1832 1047 1869 1103 τῆς
1886 1048 1918 1106 τῆς

1159 1134 1295 1194 όπισιιοπῆς
1311 1134 1363 1192 ἐξόν
1380 1152 1420 1185 σοι
1438 1136 1536 1199 γέγονεν
1557 1133 1717 1198 ἐπιστρέψαι·
1737 1133 1815 1182 τῶνδὲ
1830 1137 1919 1199 esperi-

1159 1239 1223 1275 σταν
1244 1224 1293 1272 τῶν
1317 1225 1489 1274 cavarocca
1509 1223 1670 1290 συρριουσῶν
1693 1223 1727 1279 τις
1744 1224 1785 1281 τὴν
1809 1221 1917 1287 όνόμνησιν

1159 1312 1204 1371 τὴν
1222 1311 1293 1376 ιμήν,
1314 1314 1404 1370 αῐτινὲς
1422 1330 1452 1363 σι
1469 1311 1535 1362 κατά
1553 1329 1619 1369 τινας
1636 1311 1783 1378 repetitae:
1798 1312 1873 1374 ααμιῑν
1890 1330 1920 1362 τι·

1159 1400 1298 1460 ποιήμασιν,
1311 1400 1412 1464 ἤλγουν,
1429 1404 1463 1458 ὡς
1478 1399 1507 1453 διν
1523 1399 1570 1451 σου
1588 1402 1676 1465 σαυτῷ
1690 1400 1815 1465 γεγονότος
1826 1401 1866 1450 τῶν
1878 1416 1919 1452 τοο·

1160 1492 1241 1542 αὐτων
1261 1493 1427 1558 ἀτυχημάτων
1444 1494 1535 1554 σιτίου,
1545 1493 1588 1545 nai
1602 1495 1648 1552 τὴν
1668 1492 1779 1542 ἔνστασιν
1792 1495 1831 1551 τὴν
1841 1493 1920 1557 sopiit

1160 1581 1317 1632 ἀνθίστασθαι
1339 1582 1391 1638 τοῖς
1409 1584 1541 1649 αιρττιιισῑς
1556 1582 1725 1638 ἀπολέσαντος
1743 1582 1791 1637 ταῖς
1809 1583 1919 1643 νομίζοντα

1160 1666 1266 1719 ὀὐκέτι
1282 1686 1311 1720 σε
1331 1671 1394 1733 μιτόι
1404 1669 1542 1735 παρρησίας
1558 1669 1653 1736 τολμᾷν
1672 1669 1774 1733 ἐλέηχτιν
1794 1669 1877 1728 αὐτοὺς,
1891 1664 1920 1724 oi:

1160 1759 1322 1823 ὡμολόγησας
1335 1758 1373 1808 tet
1387 1759 1432 1818 τῆς
1444 1758 1535 1817 πλάνης
1549 1758 1633 1808 αὐτῶν
1648 1758 1692 1818 τῆς
1706 1758 1765 1813 ιδίας
1780 1756 1920 1822 heimonem.

1160 1847 1196 1898 Τδ
1207 1849 1353 1914 ιιαταιιρῑναι
1365 1849 1411 1913 γὰρ
1421 1847 1463 1897 τδν
1476 1850 1520 1907 τῆς
1529 1847 1600 1904 ὁσίας
1611 1848 1709 1912 μνήμης
1720 1844 1854 1905 Φλαδιανόν,
1863 1845 1921 1894 edri

1160 1936 1272 1993 δέξασθαι
1287 1934 1328 1986 τόν
1343 1936 1543 1987 δυσσιδέστατον
1554 1937 1666 2001 Εὐτυχῆ,
1680 1936 1703 1985 τί
1715 1928 1755 1994 ἦν,
1768 1934 1787 1983 et
1803 1935 1832 1997 μὴ
1845 1938 1880 1984 τοῦ
1892 1951 1921 1982 ιν

269 2021 333 2093 ipae
346 2020 451 2093 mandi
476 2019 678 2079 misericordia
698 2041 752 2080 sua
776 2025 845 2080 tecit
859 2025 973 2095 resolvi,
993 2029 1088 2086 1282
1108 2041 1132 2106 Β
1161 2025 1216 2091 pico
1231 2026 1303 2089 ἡμῶν
1326 2027 1411 2083 Ἰησοῦ
1428 2027 1538 2091 Χριστοῦ
1553 2028 1569 2084 ἡ
1585 2025 1652 2075 κατὰ
1668 2025 1750 2091 σάρκα
1768 2020 1920 2087 tripartiri·

270 2125 338 2165 cum
353 2109 559 2166 detestandum
573 2108 644 2167 illud
660 2111 812 2184 Ephesium
825 2114 1092 2188 spmodijudicium,

270 2197 312 2255 ita
326 2196 365 2271 (d)
376 2198 471 2255 sancti
480 2196 725 2256 Chalcedonensis
738 2200 853 2257 concilii
864 2188 1036 2261 auctoritate
1047 2207 1094 2262 de·
1120 2238 1122 2245 =

270 2285 1096 2361 struxitutnullumdepravatorumaremedioeorrectic-

270 2374 317 2433 nie
328 2380 449 2432 arceret.
460 2375 542 2432 Unde
557 2377 627 2449 qnia
638 2376 668 2433 in
680 2382 811 2452 tempore
822 2379 1010 2454 indulgentiae
1026 2384 1095 2441 resi·

269 2464 443 2537 piscantium
450 2464 1095 2545 magisquampertinaciamdelegisti,(e)gau-

269 2553 362 2610 dente
380 2552 528 2609 eoelestem
545 2555 691 2626 expetisse
705 2554 892 2623 medicinam,
909 2562 942 2614 ut
966 2560 1033 2617 lldei
1057 2562 1094 2617 ah

270 2641 602 2715 hereticiaimpugnatm
614 2643 732 2699 taudem
752 2644 848 2716 possis
867 2663 932 2703 esse
947 2647 1092 2707 defensor.

269 2730 494 2797 Quamviaenim
505 2730 1093 2810 nullisacerdotumliceatnescire(s,quod

268 2818 417 2892 predicat,
434 2819 660 2876 inexcusabilior
669 2822 768 2877 tamen
777 2828 821 2878 est
831 2823 967 2881 omnibus
979 2826 1095 2900 imperi·

268 2907 308 2963 tis
319 2904 443 2978 quilibet
450 2905 1032 2983 (a)ierosolymishabitansChrislianus,
1043 2916 1094 2988 qui

267 2994 304 3051 ad
313 2993 547 3066 cognoscendam
554 2993 692 3050 virtutem
700 2995 860 3070 Drangelii,
869 3016 927 3055 non
939 2999 1036 3059 solum
1047 3021 1095 3077 pa·

268 3083 407 3157 gidarum
421 3079 555 3155 eloquiis,
570 3083 621 3140 aad
632 3082 763 3157 ipsorum
771 3084 901 3144 locorum
913 3090 951 3162 (ιι)
963 3093 1094 3150 testimo·

270 3170 329 3229 niis
341 3170 618 3245 crediturasque}
633 3171 703 3229 alihi
715 3191 772 3231 non
788 3173 858 3232 licet
873 3195 930 3234 nou
946 3181 1036 3250 credi,
1053 3181 1094 3238 ihi

272 3277 330 3326 non
345 3265 441 3334 potest
450 3277 508 3317 non
519 3259 621 3317 videri.
633 3261 707 3325 Ouid
723 3262 838 3320 laborat
851 3265 1027 3338 intellectus,
1044 3270 1094 3327 uhi

272 3355 319 3409 est
332 3350 474 3423 magister
488 3350 646 3423 aspectus?
661 3351 694 3407 m
709 3367 762 3407 eur
773 3352 848 3409 lecta
862 3354 905 3411 vel
917 3358 1017 3414 audita
1027 3363 1096 3415 sunt

273 3438 429 3508 dubia,ubi
441 3455 472 3496 se
482 3443 511 3495 et
520 3438 596 3496 visui
608 3439 762 3512 ettiltactui
773 3445 834 3499 tota
845 3443 980 3501 humana
991 3447 1095 3506 salutis

271 3529 411 3604 ingerunt
424 3529 632 3585 sacramenta?
647 3529 735 3594 Quasi
751 3531 787 3586 ad
803 3532 938 3605 singulos
963 3553 1096 3610 quosque

270 3621 443 3676 cunctantes
452 3617 596 3674 Dominus
607 3618 702 3675 adhuc
713 3620 746 3691 (j)
756 3637 825 3677 voce
837 3637 975 3695 corporea
985 3629 1095 3695 utatur,

268 3712 299 3766 et
313 3708 410 3765 dicat:
433 3707 510 3780 (taid
535 3708 639 3763 turbati
666 3711 739 3778 estr's,
767 3713 792 3765 et
815 3727 900 3781 qnare
921 3716 1096 3783 captatores

265 3849 291 3889 e.
307 3832 334 3897 3,
359 3829 484 3902 loquens
499 3830 535 3886 de
555 3831 618 3886 suis
634 3830 737 3888 litteris
753 3833 787 3888 ad
806 3833 985 3903 Flavianum,
1010 3839 1089 3897 unde

1160 2113 1238 2170 αὐτὸς
1247 2113 1286 2163 διὰ
1296 2113 1345 2163 τῶν
1356 2113 1467 2178 μιγάλων
1477 2111 1556 2163 αὑτοῦ
1564 2114 1702 2179 οἰκτιρμῶν
1709 2110 1922 2170 δνολυιῆναιτιτοιη·

1160 2218 1215 2267 οιιν,
1230 2188 1343 2259 1288
1356 2202 1431 2252 aasz:
1444 2204 1488 2262 τὴν
1501 2202 1655 2253 deoneratus
1672 2202 1764 2259 ιιιαίνην
1781 2199 1920 2265 spinariae

1171 2291 1269 2357 'Epium
1279 2290 1395 2352 συνόδου,
1406 2289 1486 2347 οὕτως
1494 2292 1534 2341 διὰ
1540 2292 1584 2350 τῆς
1596 2289 1841 2351 αὐότντόαςτῆιιηίας
1849 2287 1922 2336 ialal·

1160 2380 1245 2440 ιιηδόνι
1257 2380 1362 2432 συνόδου
1374 2382 1518 2440 ιιατιλυτιν,
1533 2381 1599 2431 diora
1616 2380 1712 2445 μηδένα
1722 2378 1768 2427 τῶν
1779 2377 1834 2446 πρός
1844 2377 1868 2425 τι
1879 2394 1921 2440 ραυ-

1159 2468 1260 2537 λότιραν
1279 2470 1450 2536 ἐκτραπέντων
1470 2469 1580 2536 διπιῑρξαι
1603 2470 1651 2529 τῆς
1668 2469 1733 2518 κατὰ
1749 2469 1790 2526 τὴν
1807 2464 1860 2516 lam
1875 2465 1921 2531 διορ

1161 2558 1270 2616 λώτινος.
1283 2559 1360 2609 ‘otas
1374 2559 1455 2618 ιπιιδὴ
1471 2559 1536 2609 κατὰ
1553 2556 1596 2607 τόν
1612 2556 1701 2623 ιιαιρδν
1719 2557 1762 2617 τῆς
1776 2554 1922 2621 conmissae

1161 2645 1191 2697 τό
1207 2647 1329 2710 ἀνανῆψαι
1350 2648 1438 2709 μᾶλλον
1455 2642 1466 2678 ¹
1481 2645 1542 2712 help
1559 2646 1589 2695 τό
1611 2644 1726 2710 δμμιντιν
1744 2645 1867 2707 ἠγάπησας,
1879 2640 1922 2702 ἡδο·

1162 2735 1263 2802 μαιτήν
1281 2733 1372 2787 ἄνωθεν
1392 2735 1499 2803 ἰατρείαν
1521 2733 1655 2791 αλτοῡντός
1679 2749 1736 2793 σου,
1755 2733 1793 2783 ινα
1811 2732 1849 2790 sle
1863 2730 1922 2780 τίοπι

1161 2823 1205 2883 τήν
1220 2821 1269 2873 ιιπδ
1281 2823 1330 2873 τῶν
1345 2823 1475 2889 calpurniis
1496 2816 1697 2887 πολιμόυμόνην,
1716 2819 1762 2885 itt
1779 2825 1833 2885 γοῦν
1845 2818 1921 2880 anuh:

1162 2913 1267 2980 ρανῆναι
1278 2912 1418 2963 inanissimo·
1432 2912 1453 2961 τι
1465 2910 1508 2961 οιαὶ
1522 2911 1553 2960 τὰ
1569 2910 1680 2977 μάλιστα
1693 2912 1740 2976 γὰρ
1752 2909 1823 2959 otini
1838 2907 1877 2956 τῦν
1886 2904 1921 2954 δτι·

1161 3002 1261 3054 σιιόπαν
1277 3000 1367 3059 ἔξεστιν
1381 3000 1479 3066 tmesis
1494 2996 1508 3051 ό
1522 3016 1657 3068 αηρυσσει,
1674 2999 1754 3063 πολλῷ
1770 2990 1921 3061 petatem

1161 3108 1204 3149 νος
1215 3092 1263 3143 oin
1280 3092 1331 3159 ἔχει
1347 3089 1494 3157 παραίτησιν
1512 3089 1574 3157 sap
1589 3090 1689 3147 πάντας
1705 3086 1762 3145 τοὺς
1779 3085 1873 3153 δμαιεῑς,
1888 3080 1920 3131 ιό

1161 3173 1214 3238 σόος
1231 3182 1323 3240 δήποτε
1342 3178 1470 3245 τυγχάνον
1488 3177 1654 3245 Χριστιανός,
1676 3178 1718 3229 οιαὶ
1733 3176 1866 3243 ιιροσόλυμα
1877 3185 1921 3221 αττ·

1162 3269 1248 3330 οιιιῑιν,
1260 3270 1329 3325 δστις
1349 3269 1411 3333 πρὸς
1434 3266 1463 3317 τό
1485 3267 1618 3330 γινώστιιν
1644 3268 1690 3327 τὴν
1712 3265 1808 3330 δόναμιν
1828 3263 1865 3322 τήν
1883 3259 1920 3309 ὧν

1162 3357 1308 3422 τὺαηητλίων
1317 3357 1346 3407 οὐ
1360 3356 1435 3421 μόνον
1445 3355 1474 3404 ιιι
1485 3356 1533 3405 τῶν
1543 3353 1753 3424 ἐγγεγραμμένον
1763 3351 1838 3410 αὐτοῖς
1845 3348 1919 3413 λαγόνι.

1161 3447 1220 3497 ἀλλὰ
1233 3447 1276 3496 ναι
1293 3447 1333 3496 διὰ
1348 3446 1392 3506 τῆς
1406 3445 1455 3495 τῶν
1473 3443 1555 3495 τόπον
1571 3443 1746 3497 ιιιποιιδιΰιται
1763 3440 1880 3509 μαρτυρίαι
1891 3433 1920 3488 ⁸¹¹

1161 3536 1222 3600 δπτρ
1238 3532 1250 3567 ⁸
1268 3534 1333 3585 ιστὶν
1352 3535 1457 3600 ἀλλαχοῦ
1478 3535 1511 3598 μη
1529 3533 1667 3595 πιστιΰτιν,
1687 3532 1739 3584 διιεῖ
1757 3532 1784 3586 οὐ
1799 3525 1919 3592 itemesti

1162 3626 1275 3692 ὁρᾶσθαι,
1294 3625 1324 3675 Τί
1341 3624 1430 3687 πόρναι
1443 3625 1489 3690 γὰρ
1507 3625 1523 3682 ἠ
1541 3624 1648 3686 διάνοια,
1669 3623 1732 3677 heau
1749 3613 1920 3689 πόριατινλλό·

1161 3711 1321 3775 διδόσιιαλοςς
1339 3711 1380 3760 ναι
1395 3711 1417 3760 τί
1427 3711 1458 3759 τόι
1478 3708 1507 3762 ιιι
1521 3709 1565 3773 τῆς
1581 3709 1746 3777 ἀναγνώσιος
1762 3708 1801 3763 οισι
1812 3707 1850 3770 τῆς
1863 3700 1920 3763 δή

1179 3841 1212 3967 (9
1227 3840 1318 3897 lidem
1335 3840 1392 3896 dno
1407 3840 1520 3898 codices
1543 3839 1693 3907 Quesnelli
1708 3843 1736 3896 at
1748 3838 1808 3894 Vat.
1830 3830 1925 3904 nepae,

263 3906 395 3959 exactam
410 3901 582 3958 earumdem
597 3902 867 3975 interpretationem
882 3908 1027 3965 aluliano
1042 3928 1089 3984 pe·
1143 3917 1191 3984 qai
1217 3912 1354 3985 prodiret.
1371 3912 1441 3968 Post
1456 3912 1516 3969 hmo
1530 3914 1620 3968 verba
1636 3913 1666 3967 in
1682 3911 1766 3968 editis
1776 3905 1925 3968 antthttl·

262 4059 327 4099 cem
359 4043 407 4097 'at
427 4042 516 4098 Grec.
529 4043 600 4098 1155
610 4043 647 4098 ad

262 4115 339 4170 duos
360 4111 434 4169 alios
451 4113 566 4169 codices
585 4114 699 4171 Grecos
715 4115 781 4172 Vat.
802 4119 853 4172 720
867 4125 895 4174 et

263 4257 376 4314 nonnul
390 4272 407 4311 a
419 4254 483 4312 loca
494 4255 730 4324 emendabimus,
741 4258 807 4314 vide
821 4276 885 4331 quae
896 4260 926 4317 in
942 4280 1003 4320 rem
1016 4284 1087 4338 pra·

263 3974 313 4030 tiit
327 3988 373 4096 ορ.
384 3971 445 4027 131.
462 4002 496 4015 -
512 3971 578 4028 Haeo
590 3973 803 4099 οοτίρρρταωυο
817 3976 887 4058 dum
901 3978 997 4036 solum
1012 3983 1090 4038 codi-
1143 4000 1210 4068 cnm
1226 3983 1377 4067 mesthi,
1402 3982 1513 4068 collect.
1543 3987 1583 4066 1⁸2,
1599 3987 1630 4038 21
1650 3989 1679 4040 οι
1691 3984 1737 4048 21,
1749 3979 1869 4065 additur,
1879 3983 1925 4042 pat·

701 4061 749 4101 ere
763 4045 855 4102 licuit.
871 4050 908 4104 At
909 4057 1087 4175 xvfgostquam
1142 4073 1220 4110 ιιιιιιιι
1235 4071 1282 4127 ραι
1298 4060 1416 4123 nemrot,
1427 4055 1608 4124 renouabitur.
1621 4055 1734 4110 Desunt
1747 4070 1775 4107 m
1789 4054 1883 4107 cetere
1893 4054 1926 4094 lt

439 4183 445 4195 .
655 4184 684 4198 ,,
842 4189 846 4199 Ι
886 4188 902 4202 ..
952 4123 1084 4205 tOttoh.
1143 4127 1213 4182 stris
1227 4126 1296 4181 etin
1314 4125 1384 4198 quin
1409 4143 1445 4182 ue
1459 4126 1606 4192 Quesnelli
1623 4126 1781 4193 codicibus,
1796 4114 1925 4184 acsumptt

262 4185 299 4241 29
312 4202 346 4242 su
389 4188 461 4239 assit
476 4184 703 4242 Romanaedrtm
720 4186 749 4241 P.
766 4189 915 4256 Οοοοιοτιι,
930 4207 964 4247 ex
979 4196 1088 4265 quibus
1142 4203 1212 4253 gunt
1226 4214 1261 4252 ex
1276 4199 1285 4251 1
1300 4142 1429 4253 florina,

1178 4270 1216 4340 (9)
1229 4269 1333 4325 Νῠῦῖθῐ
1346 4268 1409 4324 vat.
1428 4214 1554 4341 lixelgvina,
1578 4268 1814 4339 ierosotymiamas
1830 4256 1923 4314 αιιιιιια.

264 4333 377 4385 sentam
393 4326 527 4386 dicentur
544 4331 605 4384 not.
617 4327 635 4384 ιι
649 4334 713 4385 eto.
727 4329 796 4401 (Cot.
819 4332 899 4399 1106,
912 4350 941 4388 ιι.
958 4335 979 4404 ³,
995 4346 1022 4393 et
1034 4339 1086 4394 cot.
1142 4340 1246 4395 Postea
1260 4341 1460 4412 nemmempro
1475 4342 1602 4395 virtatem
1615 4340 1647 4396 in
1662 4339 1761 4395 ecdem
1771 4334 1828 4388 Vat.
1838 4325 1923 4398 ltog'ffl⁸

263 4400 345 4467 nos,
360 4416 389 4455 ν.
405 4399 437 4471 ⁴).

1142 4410 1214 4466 etin
1229 4411 1293 4466 Vnt.
1310 4410 1421 4466 collect.
1438 4411 1468 4466 ll
1487 4427 1521 4467 ao
1535 4412 1565 4467 in
1581 4409 1747 4467 Corbeiensi
1762 4403 1860 4463 collect.
1871 4403 1892 4450 t·

299 4469 527 4543 (o)Voeesnrbis
542 4472 633 4528 Ronoae
646 4488 666 4554 a
679 4470 832 4554 Quosnello
848 4473 953 4530 addite
969 4482 1039 4534 sunt
1053 4496 1088 4535 ex
1178 4482 1217 4554 (1)
1238 4481 1302 4537 Vat.
1318 4482 1389 4537 5815
1411 4481 1523 4539 οοΙιοοι.
1539 4485 1567 4550 8,
1589 4483 1752 4539 testimonio.
1768 4477 1826 4533 llos
1839 4467 1922 4535 haiim

264 4559 321 4598 ms.
333 4542 418 4598 Barh.
429 4541 541 4599 collect.
552 4542 605 4598 3et
614 4541 691 4598 alus.
702 4543 867 4600 Conmnunt
877 4546 965 4602 etiam
976 4548 1089 4622 aliquot
1141 4554 1252 4610 docetur
1266 4569 1318 4626 pro
1332 4553 1467 4608 emittitur.

264 4612 367 4669 nostri.
384 4612 416 4668 ln
431 4612 530 4670 Graes
548 4613 698 4670 versione:
724 4616 829 4672 Dilecto
848 4619 933 4688 tratri
954 4622 1088 4677 incenati

263 4685 316 4740 leo
329 4682 546 4755 montepiscopm
557 4689 660 4742 eoam.

1101 4696 1125 4763 Ι)
1141 4694 1254 4752 collect.
1269 4698 1297 4761 5,
1314 4694 1425 4767 Ratisp.
1441 4700 1470 4752 et

1177 4625 1209 4696 (i)
1219 4624 1325 4680 Vocem
1344 4626 1430 4680 motai
1444 4623 1647 4752 sugplebvimza
1654 4609 1921 4751 ρχορρρθτάιξριριρορρ

1502 4712 1538 4751 uc
1561 4712 1596 4751 us
1635 4713 1675 4753 a.
1792 4732 1798 4747 .
1842 4732 1850 4748 ,

300 4753 337 4826 (b)
353 4752 422 4809 Cod.
436 4753 500 4810 Vat.
524 4755 594 4811 1312
615 4755 728 4813 οοιιοοι.
744 4758 771 4826 3,
796 4756 873 4815 alius
898 4758 1007 4818 collect.
1026 4767 1043 4822 8
1058 4768 1088 4820 et
1141 4767 1263 4838 antiqua
1277 4767 1376 4822 Graes
1389 4766 1531 4823 versione,

263 4823 340 4881 alias
355 4822 467 4881 collect.
482 4826 528 4893 21,
544 4828 598 4896 filii
610 4829 675 4883 mei.

1177 4841 1208 4910 (j)
1224 4838 1275 4894 Ma
1290 4838 1437 4903 Barb.,oet
1444 4840 1532 4910 specie
1542 4839 1584 4894 net
1591 4841 1762 4895 nommetur.
1772 4831 1829 4886 Vat.
1836 4820 1919 4881 collat

310 4896 335 4969 c)
351 4896 422 4952 Tres
437 4897 521 4952 codd.
531 4898 638 4961 Quesn.
655 4903 684 4954 et
699 4901 797 4954 noster
812 4902 876 4955 Vnt.
894 4902 1010 4976 Regina
1035 4905 1087 4961 293
1143 4909 1186 4973 ll,
1201 4925 1247 4965 cor
1266 4924 1312 4965 ore
1326 4913 1428 4964 αιτιοι.

262 4967 281 5024 h
322 4972 390 5024 ent:
408 4967 479 5037 Quid
491 4969 548 5025 nisi
561 4970 653 5025 cornis
667 4970 778 5026 Domini
796 4974 884 5028 nostri
895 4974 960 5029 tosa
980 4977 1088 5033 Christi

262 5041 371 5109 mantio
384 5040 461 5112 tait?

298 5110 337 5184 (d)
348 5111 380 5167 ln
390 5110 541 5185 Datispon.
553 5110 664 5167 collect.
677 5111 747 5167 leet
757 5111 786 5167 in
798 5112 960 5171 vindebon.
972 5117 1083 5175 collect.

261 5183 289 5247 5.
303 5190 406 5239 sancto.
434 5183 500 5239 Mox
522 5182 588 5239 Vat.
616 5182 727 5240 collect.
743 5185 760 5239 3
775 5188 803 5240 et
826 5185 901 5242 alius
929 5190 1039 5248 collect
1056 5194 1085 5260 8,

261 5256 420 5310 oncmritoe.

297 5325 333 5397 (el
341 5324 425 5398 Vulg.
436 5325 569 5383 inserunt
578 5327 636 5394 ita,·
645 5325 808 5382 delevimus
820 5343 878 5382 non
890 5333 950 5385 tam
961 5333 1085 5388 auctori·

261 5399 321 5451 tate
331 5397 546 5454 duornmcodd.
555 5398 710 5454 Barh.etS.
718 5397 899 5465 Theoderici,
909 5416 983 5472 qnos
993 5404 1084 5469 Oues-

262 5465 357 5523 nellus
370 5468 400 5523 in
417 5484 481 5524 mar
501 5468 548 5524 ine
563 5468 620 5525 alle
642 5473 680 5536 at,
706 5484 795 5540 quam
810 5468 900 5524 trium
916 5477 1083 5531 nostrorum

262 5485 555 5620 Vindobomeolffect.
570 5542 599 5607 5,
621 5485 733 5610 fiatisp.
749 5543 779 5622 et
794 5538 858 5594 Vat.
874 5540 1000 5615 Regina.
1019 5545 1085 5603 Mox

261 5609 277 5656 a}
285 5625 320 5663 llo
329 5607 440 5664 lanianti
452 5611 537 5667 codd.
551 5612 670 5679 Quesn„
682 5627 828 5695 accepisse,
842 5628 893 5684 pro
902 5618 1043 5687 repetisse,
1055 5624 1084 5677 et

259 5692 330 5817 ρριιυ
339 5678 530 5826 ιρυοιὰιιομίοιυ
538 5699 590 5758 pro
597 5684 684 5761 μοινόο
694 5682 959 5761 ementiendo,-
969 5686 1082 5768 Ratisp.

1140 5264 1219 5334 1455,
1234 5272 1371 5336 νομίζουσιν
1398 5273 1443 5321 ohe
1470 5272 1506 5320 ότι
1520 5275 1582 5335 μετὰ
1609 5270 1741 5337 παρρησίας
1765 5260 1846 5340 ρρλμᾷς
1868 5249 1918 5300 ppt·-

1138 5361 1193 5411 χειν
1207 5344 1303 5403 αὐτοὺς,
1326 5335 1410 5391 Νυσο
1433 5336 1654 5392 emendavimus
1678 5351 1713 5390 ex
1740 5330 1800 5387 alne
1821 5316 1890 5377 landa

1139 5408 1223 5464 codd.
1239 5408 1347 5464 Graecia
1364 5411 1427 5463 Vat.

1176 4981 1183 5014 ¹
1201 4926 1270 5036 coi).
1287 4981 1350 5036 Vat.
1374 4982 1462 5035 Grae.
1489 4981 1569 5048 1455,
1583 4988 1704 5051 ἥσοημνν.
1728 4971 1919 5032 eomximuse

1140 5049 1208 5133 aliis
1222 5068 1293 5108 mss.
1310 5051 1371 5106 Vat
1390 5051 1480 5108 Graec.
1491 5053 1545 5107 721)
1558 5057 1587 5108 et
1600 5051 1696 5108 Ottob.
1709 5049 1752 5114 29,
1763 5057 1828 5116 quos
1837 5038 1862 5092 P.
1872 5033 1919 5087 Cat

1139 5139 1247 5178 erarius
1261 5128 1380 5179 secutus
1394 5129 1447 5179 est.

1175 5194 1301 5249 ²Primis
1315 5193 1393 5250 curis
1417 5192 1603 5250 edideramus
1625 5209 1691 5250 cum
1706 5206 1759 5246 ms.
1775 5186 1830 5240 Vnt.
1852 5178 1917 5232 Gran·

1891 5288 1917 5366 tie

1173 5480 1185 5514 ³
1200 5480 1294 5545 Forte,
1308 5487 1382 5551 ηπτρ.

1173 5553 1184 5586 ⁴
1199 5551 1264 5607 llec
1278 5567 1333 5607 vox
1347 5557 1436 5612 ιντῖνας
1451 5550 1601 5608 abundare
1615 5548 1734 5606 videtur.

1173 5624 1184 5658 ⁵
1199 5623 1368 5716 Legendutn
1382 5621 1509 5694 videtur,
1524 5628 1538 5680 t
1552 5628 1600 5690 οἶος
1622 5629 1710 5693 δήποτε
1731 5615 1852 5694 >rpeiam
1868 5606 1913 5671 “t“

1138 5702 1379 5844 neugma&
1391 5770 1443 5840 ἰξόν
1458 5770 1533 5833 ιατιν.
