4050 6175
296 250 354 313 579
702 240 912 305 PRAEFATIO
934 238 972 300 IN
995 235 1211 301 celsinias
1233 238 1266 299 S.
1289 237 1430 301 huntus
1452 235 1590 299 haunt.
1889 248 1900 309 5

295 382 394 457 aliquo
408 379 507 439 codice
521 376 662 435 recoleret
675 380 704 433 et
714 374 892 433 emendaret.
909 371 967 429 Nos
979 388 1048 427 vero
1064 369 1094 426 in
1106 386 1178 426 mss.
1193 366 1301 426 Grecis
1315 368 1497 426 bibliothece
1507 368 1621 427 Venetas
1633 369 1662 425 S.
1675 367 1900 444 halapantam

294 471 331 529 el.
347 489 375 528 v.
391 468 516 526 Antonio
531 468 648 525 Zanetto
664 465 795 538 ejusdem
811 461 992 519 bibliothece
1009 460 1140 527 custode,
1156 458 1298 532 epistolas
1315 457 1485 515 allemania
1508 457 1602 516 editas
1613 457 1733 532 relegans
1751 459 1897 533 potnimcae

295 560 410 617 duobus
423 556 530 614 Grecis
543 553 759 629 exemplaribus
773 551 907 623 ejusdem
922 548 1107 605 collectionis
1129 548 1183 604 555
1207 546 1305 604 seculi
1320 564 1349 603 ru
1373 546 1416 604 vol
1430 562 1482 617 xu,
1496 551 1525 605 et
1541 547 1593 603 164
1617 548 1708 604 seculi
1728 550 1900 620 meandum

294 647 416 705 alterius
429 644 552 719 originis
566 641 1053 712 cimeliorisnotesuntquamquaa
1066 635 1665 695 Romaniseditoribususuisuera.lnmss.
1679 652 1739 694 vero
1749 637 1900 712 Graooejusd

293 735 473 795 bibliothece
489 732 630 806 mequod
646 728 788 787 nonnulla
799 727 1066 800 continetejusdem
1080 724 1454 795 collectionisdocumenta,
1467 724 1641 783 unamnacti
1651 727 1900 801 sumusexsexepist

293 818 749 896 acoteleriovulgatis,nimirum
763 816 892 875 Flaviani
905 816 1102 890 epist.2ti,nna
1115 813 1564 889 cuminterpretationeepistcla
1574 817 1610 871 28
1620 814 1893 872 Leonisadeumdem.

292 915 367 971 duas
381 907 838 988 epistolaspariterreperimusin
849 905 1168 978 antiquomsltomano
1177 903 1209 960 19
1220 903 1338 960 Petrum
1354 903 1579 973 basilianorum,
1591 907 1690 960 etcum
1700 902 1900 976 utrisquecodici

285 1002 395 1060 'ambas
409 998 598 1056 contulimus.
615 996 725 1052 Horum
740 998 839 1051 autem
854 993 988 1050 codicum
1004 991 1327 1064 subsidiopluraGraeci
1338 990 1745 1061 textuslocasanarelicnit,ia
1755 991 1900 1065 quoplurin

291 1108 345 1147 nas
359 1090 464 1146 debere
478 1087 604 1143 latemur
618 1084 695 1141 Patri
708 1082 825 1141 iuliano
841 1082 972 1140 Ferraria
982 1080 1216 1155 congregationis
1227 1080 1353 1138 Oratorii
1365 1080 1540 1139 Veronensis
1554 1081 1732 1155 presbytero,
1743 1080 1789 1153 qui
1798 1081 1900 1137 interce

291 1179 455 1235 litterarum
471 1180 559 1248 atque
573 1174 753 1247 optimarum
769 1169 994 1245 disciplinarum
1010 1174 1184 1227 ornamenta
1197 1169 1338 1242 peculiari
1349 1169 1453 1239 Grecis
1469 1169 1575 1244 linguar
1584 1169 1688 1243 peritia
1700 1168 1793 1244 fulget.
1803 1168 1900 1226 Preion

290 1267 406 1324 duobus
421 1265 548 1322 laudatis
564 1279 636 1319 mss.
651 1261 771 1317 Venetis
787 1260 839 1316 lot
857 1262 886 1315 et
899 1261 964 1326 555,
985 1259 1129 1316 ineditam
1145 1258 1288 1316 actionem
1302 1258 1416 1316 concilii
1431 1258 1676 1317 Chalcedonensis
1690 1259 1718 1315 in
1730 1259 1874 1332 appendice
1893 1275 1900 1315 ε

290 1358 418 1415 telarum
434 1354 628 1426 proteramus,
644 1349 675 1406 in
691 1366 752 1423 qua
769 1348 874 1405 Leonis
889 1346 1012 1420 epistola
1025 1349 1062 1405 93
1075 1348 1112 1405 ad
1125 1348 1269 1421 synodum
1283 1346 1429 1405 lecte-init
1444 1348 1493 1422 (a).

322 1448 368 1503 51.
384 1444 481 1501 Unum
495 1441 544 1498 hic
558 1439 739 1497 monendum
753 1439 898 1511 superest,
929 1436 1089 1494 nonnullas
1120 1437 1234 1495 Graecas
1249 1437 1389 1494 lectiones
1417 1438 1521 1494 altinas
1548 1437 1676 1512 margini
1696 1434 1825 1494 editionis
1847 1435 1900 1492 lton

288 1533 495 1600 Consiliorum,
511 1534 540 1587 et
553 1528 657 1586 exinde
673 1528 703 1584 in
718 1525 791 1583 alias
806 1525 947 1583 editiones
962 1527 1168 1592 traducianae
1183 1525 1364 1591 aQuesnello
1375 1525 1630 1600 etiamappositas
1644 1525 1749 1583 Grecis
1762 1522 1893 1598 epistolis,

289 1623 394 1683 Laome
408 1618 527 1678 editioni
542 1615 677 1685 inseruit,
694 1632 751 1672 non
764 1631 829 1672 esse
842 1615 988 1672 variantes
1003 1618 1139 1687 sumptas
1150 1631 1184 1671 ex
1196 1614 1293 1688 aliquo
1313 1616 1414 1672 Greco
1430 1615 1538 1672 codice.
1554 1616 1606 1673 sed
1620 1615 1657 1673 ab
1672 1614 1744 1690 ipsis
1759 1614 1900 1672 editoribus

286 1713 384 1773 manis
396 1710 503 1784 partim
517 1724 553 1765 ex
568 1706 668 1763 Latino
683 1708 774 1771 teatin
790 1720 808 1759 a
822 1721 880 1778 quo
893 1703 1078 1777 discrepabat
1092 1703 1191 1760 Greca
1205 1702 1309 1772 versio,
1327 1703 1434 1776 partim
1450 1720 1516 1761 vero
1530 1721 1565 1762 ex
1578 1703 1708 1778 ingenio,
1727 1702 1780 1760 ubi
1796 1701 1900 1761 dililcili

286 1806 442 1874 corruptus
456 1800 553 1855 tantm
567 1795 730 1861 videbatur,
746 1792 837 1850 luisse
851 1794 1028 1866 compactas.
1045 1792 1119 1849 Hinc
1135 1797 1237 1850 autem
1255 1791 1401 1868 intelliges
1415 1793 1485 1868 quid
1502 1793 1561 1850 sint
1575 1792 1631 1851 ilica
1646 1792 1785 1851 lectiones
1797 1792 1893 1850 Graece

288 1908 324 1951 aa
337 1888 498 1950 editoribus
513 1884 653 1944 Romania
667 1882 825 1956 aliquando
841 1880 1051 1956 allegabimus.

879 2013 1018 2077 sxxvnt
1036 2015 1182 2066 Peculiaria
1191 2014 1272 2080 hujus
1285 2015 1418 2066 editionis.

323 2143 368 2197 55.
384 2139 425 2195 lla
440 2134 609 2193 recensione
624 2136 667 2189 tot
682 2130 932 2199 collectionum,se
948 2135 990 2188 tot
1005 2131 1093 2188 etiam
1111 2130 1304 2205 peculiarium
1319 2136 1347 2189 et
1362 2132 1675 2206 prestantissimorum
1693 2131 1837 2198 codicum,
1853 2146 1900 2204 qua

290 2226 453 2302 adjumenti
465 2222 658 2282 habuerimus
672 2223 708 2279 ad
725 2221 927 2295 perlectionem
943 2237 1033 2294 quam
1048 2225 1135 2278 antea
1148 2220 1337 2295 epistolarum
1352 2225 1381 2277 S.
1398 2222 1501 2279 leonis
1516 2221 1674 2278 editionem
1686 2221 1900 2295 parandam‚qu

286 2316 440 2390 intelliget,
457 2312 567 2370 nemini
583 2312 662 2368 enim
678 2311 820 2367 haetenus
837 2309 935 2383 plures
950 2315 979 2367 et
994 2311 1169 2367 vetustiores
1184 2315 1235 2366 aut
1251 2310 1412 2383 peculiares
1424 2311 1515 2368 nostri
1531 2311 1645 2367 codices
1663 2311 1732 2367 usui
1743 2310 1833 2368 luere.
1845 2310 1900 2375 Qui

288 2404 507 2464 collectionibus
521 2399 630 2473 quevis
644 2398 769 2472 epistola
783 2399 959 2467 inveniatur,
976 2398 1060 2456 initio
1075 2399 1336 2456 indicabimnshac
1350 2399 1394 2456 vel
1411 2398 1502 2457 simili
1519 2399 1766 2457 lormuiashxstat
1780 2400 1810 2455 in
1825 2415 1900 2455 nassa

288 2499 316 2567 2,
331 2497 359 2565 3,
376 2497 430 2551 ete.
446 2488 666 2564 Dionysianam,
682 2488 891 2557 hadrianeam,
908 2488 1106 2562 Hispanicum,
1118 2492 1147 2544 et
1160 2488 1365 2556 lambrianum,
1378 2489 1457 2562 quod
1474 2488 1602 2546 notiores
1616 2489 1687 2559 sint,
1702 2506 1739 2546 ex
1753 2487 1900 2563 proprian

282 2598 424 2658 expresse
439 2576 642 2637 citabimuazin
658 2576 938 2648 quoobscrvandum
953 2579 998 2632 est
1012 2576 1068 2632 sub
1083 2574 1318 2649 Dionysiametcl
1329 2576 1900 2651 hadrianaenomincsubintelligendos

280 2673 405 2731 codices
419 2667 600 2726 collectionis
614 2665 674 2734 8,in
686 2663 960 2738 quibusHadrianea
966 2663 1097 2721 collectio
1108 2663 1485 2737 nuttionttasltionysianis
1497 2662 1900 2736 premittitumetnomineool

290 2758 508 2821 nisisidociane
518 2753 725 2828 cumprehendi
733 2750 1015 2810 mss.collecticnum
1024 2751 1035 2807 l
1042 2753 1053 2807 l
1061 2753 1410 2825 ,et12,quaelsidorianam
1422 2753 1812 2826 repetunt3solumenimhe
1820 2752 1900 2810 nollet

290 2849 428 2909 distincte
442 2849 528 2903 erunt
543 2840 734 2918 appellande,
749 2839 984 2898 cumsermoerit
1000 2839 1250 2914 despistolisque
1266 2841 1302 2897 ad
1313 2841 1503 2898 lindriancam
1513 2841 1558 2899 vel
1565 2842 1763 2900 isidorianam
1773 2859 1833 2900 non
1847 2857 1899 2915 per

289 2944 317 2998 et
331 2956 365 2996 ex
381 2936 437 2994 alio
454 2935 531 2992 iente
542 2930 874 2989 iisdamcolleclionibus
888 2946 1045 2986 accessere.
1053 2930 1162 2986 Eadem
1171 2929 1391 2987 rationelsidori
1400 2926 1533 2987 collectio
1541 2930 1726 2988 nominanda
1737 2948 1799 2988 non
1810 2931 1900 2987 lueret

290 3028 386 3102 quoad
401 3021 540 3099 epistolas
555 3020 670 3086 Leonis,
686 3036 745 3075 non
760 3019 799 3075 sit
811 3017 866 3076 nisi
875 3017 1705 3092 repetitiocollectionisllispauicie.Sedcurnihilominus
1719 3019 1861 3093 ahhujus
1871 3017 1899 3075 oi

291 3134 350 3175 non
366 3114 453 3171 suerit
467 3110 685 3178 abstinendum,
702 3109 813 3164 dictum
828 3113 874 3165 est
887 3125 971 3165 num.
988 3109 1033 3164 21.

324 3208 369 3264 56.
386 3199 560 3271 Quesneilus
573 3198 745 3272 plerumque
758 3197 858 3254 omisit
872 3197 1011 3271 antiquos
1028 3195 1221 3271 epistolarum
1233 3195 1344 3266 titulos,
1360 3197 1410 3270 qui
1427 3197 1457 3254 in
1469 3196 1619 3254 codicibus
1633 3197 1847 3268 inveniuntur,
1870 3201 1899 3255 ul

289 3308 430 3370 synopses
445 3307 462 3346 a
475 3306 506 3347 se
521 3291 697 3360 compactas,
716 3302 791 3359 quas
807 3285 1318 3359 aptiorescrcdidit,preligaret.N0s
1330 3285 1595 3358 varorctentis,vel,
1609 3286 1748 3363 ubicpus
1759 3289 1831 3357 erit,
1844 3304 1899 3345 em<

289 3382 383 3441 titulis
399 3376 556 3448 Quesnelli,
573 3392 676 3433 omnes
704 3375 842 3448 antiquos
868 3380 1003 3432 accurate
1026 3391 1225 3449 proponemus
1240 3375 1270 3431 in
1286 3376 1536 3446 annotationibus,
1562 3375 1705 3434 nimirum
1733 3376 1808 3436 ilios
1825 3378 1878 3451 qui
1895 3394 1899 3432 ι

288 3468 509 3531 collectionibus
524 3466 710 3540 Dionysiana,
723 3464 881 3538 hispanica
894 3482 945 3523 seu
963 3463 1078 3532 Isidori,
1096 3481 1129 3520 ac
1143 3464 1174 3520 in
1189 3464 1293 3538 quinta
1307 3464 1522 3529 Ouesnclliana.

322 3564 367 3618 57.
384 3558 460 3616 Ordo
475 3554 665 3630 epistolarum
681 3553 845 3611 necessario
861 3553 1034 3610 mutabitur.
1052 3553 1234 3610 Primoenim
1244 3571 1300 3610 non
1311 3570 1470 3626 paucarum
1481 3553 1673 3626 epistolarum
1687 3553 1844 3612 chronica
1855 3572 1899 3611 no

287 3648 397 3709 nostris
412 3646 562 3705 codicibus
577 3643 748 3718 corrigenda
763 3642 826 3699 crit.
843 3642 922 3698 Alias
937 3642 1026 3698 etiam
1034 3640 1173 3715 epistolas
1188 3641 1602 3717 quechronicisnotiscarcnt‚
1617 3659 1674 3698 non
1685 3640 1816 3702 levibus
1828 3661 1899 3718 arga

287 3743 318 3798 in
333 3739 413 3799 aliud
427 3740 545 3810 tempus
562 3734 760 3802 traducemus,
777 3749 811 3787 ao
826 3731 929 3787 exinde
944 3731 1035 3787 series
1050 3731 1115 3803 ipsa
1129 3730 1215 3786 aliter
1228 3731 1284 3788 erit
1298 3732 1470 3790 ordinanda.
1482 3731 1592 3788 Deinde
1604 3749 1663 3788 una
1678 3733 1818 3806 epistola
1829 3751 1848 3790 a
1859 3736 1899 3799 Qu

288 3833 404 3901 recepta
418 3828 612 3898 expungatur,
629 3820 691 3877 aliea
706 3838 773 3877 vero
789 3819 904 3876 laedite
915 3820 1062 3876 accedent.
1069 3820 1197 3876 Tandem
1209 3820 1319 3893 optime
1333 3819 1504 3892 illequidem
1518 3819 1595 3877 inter
1603 3821 1899 3895 Leonisepistolasn

288 3916 361 3975 alias
376 3915 501 3972 aliorum
517 3910 630 3966 litteras
646 3909 682 3965 ad
699 3909 825 3964 Leonem
840 3907 975 3979 scriptas,
991 3907 1036 3963 val
1053 3908 1089 3962 ad
1105 3924 1173 3964 eum
1188 3908 1377 3981 pertinentem
1394 3913 1424 3964 at
1438 3925 1488 3965 eas
1501 3908 1565 3965 aine
1581 3907 1640 3965 ullo
1656 3926 1872 3985 numeroque
1894 3931 1899 3966 ι

287 4002 409 4062 inveniri
425 3999 509 4057 iacile
524 3997 652 4072 possint,
667 3996 801 4053 inscruit.
818 3996 877 4053 Nos
893 4002 1088 4069 preterquam
1105 3997 1182 4071 quod
1198 3997 1341 4054 adstamus
1356 3996 1440 4054 allias
1456 3996 1624 4066 nonnullas,
1640 3999 1899 4071 probatissimor‘

286 4099 384 4151 tcum
400 4087 566 4160 exemplum
582 4087 685 4154 secuti,
701 4084 827 4159 singulis
843 4103 930 4143 suum
956 4103 1113 4144 numerum
1131 4088 1327 4161 preligcmus,
1352 4086 1430 4159 quod
1451 4103 1642 4144 numerorum
1659 4085 1811 4147 ordinem
1828 4107 1848 4147 a
1866 4093 1899 4158 01

288 4178 475 4257 propositum
491 4174 584 4233 multo
600 4173 695 4247 magia
711 4172 868 4230 subvertet.

320 4272 366 4327 58.
380 4268 453 4344 Cum
466 4267 496 4323 in
510 4264 693 4322 emendando
708 4267 787 4319 textu
803 4263 1026 4331 Qucsnellianas
1040 4264 1185 4321 variantes
1200 4282 1251 4322 seu
1267 4265 1392 4340 margini
1404 4282 1454 4322 seu
1472 4265 1501 4321 in
1512 4266 1589 4321 nutis
1604 4265 1785 4338 designatas
1805 4285 1875 4325 non
1890 4286 1898 4323 r

288 4378 367 4427 mus,
378 4362 442 4415 tum
456 4372 523 4413 vero
538 4357 623 4411 natas
636 4358 665 4411 et
680 4352 897 4410 observationes
912 4353 1045 4426 ejusdem
1053 4353 1187 4423 lusiones,
1199 4371 1274 4428 quas
1283 4353 1382 4427 ipsein
1392 4355 1555 4412 secundum
1566 4359 1680 4410 tomum
1691 4361 1769 4427 post
1783 4356 1898 4414 disses

289 4450 401 4524 rejecit,
415 4448 446 4503 in
461 4445 589 4503 secundo
604 4443 714 4516 pariter
728 4447 807 4500 tomo
823 4442 1179 4516 hujuseditionia'pernos
1194 4443 1423 4514 identidem,scu
1432 4443 1663 4513 illustratas,seu
1670 4446 1872 4508 emendatae
1886 4447 1896 4503 i

287 4537 433 4613 Epistulas
446 4533 547 4591 Lecms
562 4531 685 4605 excipiet
696 4530 852 4604 appendix,
868 4531 898 4586 in
914 4547 974 4603 qua
984 4532 1299 4605 pretersupposititias
1310 4531 1367 4589 alia
1382 4534 1518 4606 quaedam
1527 4534 1705 4590 documenta
1720 4535 1765 4591 ad
1780 4535 1898 4594 Leonis

289 4622 476 4702 pertinentia,
492 4625 521 4678 et
535 4621 612 4676 inter
626 4620 688 4678 hec
703 4618 845 4676 nonnulla
860 4620 971 4676 inedita
986 4621 1180 4693 proferentur.

323 4714 369 4770 59.
385 4711 535 4784 Syllabum
550 4709 683 4766 codicum
699 4707 882 4782 singularum
898 4707 1103 4766 collectionum
1118 4726 1192 4781 quos
1208 4709 1238 4765 in
1262 4709 1454 4767 emendandis
1483 4709 1615 4783 epistolis
1643 4710 1881 4782 adhibuimuS,

289 4802 458 4867 atteximus
475 4798 544 4873 quia
558 4815 626 4855 cum
639 4797 775 4870 superius
790 4815 843 4854 suo
860 4798 921 4854 loco
937 4814 986 4855 eos
1007 4798 1146 4854 distincte
1162 4799 1387 4870 nominarimus,
1397 4798 1467 4855 acin
1481 4799 1895 4873 plerisquecoiiectionibus

289 4890 374 4967 pauci
389 4890 458 4953 sint,
477 4887 559 4944 facile
575 4887 629 4944 crit
641 4887 770 4942 invenire
786 4887 853 4960 qnis
868 4887 906 4942 sit
916 4886 964 4943 ille
980 4888 1165 4955 codenqnem
1181 4905 1215 4944 ex
1228 4886 1505 4961 queviscoliectione
1519 4888 1672 4961 allegaturi
1688 4905 1827 4947 sumus.
1838 4891 1898 4949 Sol

288 4982 319 5037 in
333 4978 502 5037 collectione
516 4978 547 5033 21
566 4976 652 5049 plura
665 4991 737 5031 mss.
748 4974 926 5047 exemplaria
941 4976 1019 5031 nacti
1035 4976 1140 5043 simus,
1158 4977 1337 5033 monendum
1353 4981 1398 5033 est
1413 4976 1470 5033 duc
1486 4977 1673 5049 potissimum
1689 4978 1765 5035 usui
1802 4979 1898 5037 fuiss

289 5071 342 5127 513
356 5073 385 5126 et
398 5069 462 5140 546,
478 5084 542 5140 quae
557 5065 646 5121 citata
660 5062 816 5138 intelliges,
832 5080 898 5119 cum
915 5082 986 5121 mss.
998 5064 1077 5121 Vult.
1095 5064 1260 5122 collationis
1274 5070 1305 5121 21
1333 5065 1460 5140 allegata
1482 5067 1618 5138 reperies.
1644 5067 1673 5122 si
1688 5066 1740 5141 qui
1763 5071 1898 5126 autem

292 5163 430 5233 preterea
443 5154 609 5213 confercndi
627 5153 680 5210 visi
696 5152 809 5209 suntin
824 5151 1004 5226 quibusdam
1020 5152 1206 5223 lectionibus,
1223 5172 1273 5212 eos
1288 5154 1405 5228 proprio
1424 5156 1542 5212 contine
1556 5155 1759 5213 laudabimus.

329 5304 409 5368 (c)1n
425 5298 557 5355 addendas
569 5297 605 5353 ad
621 5295 728 5352 calcem
741 5294 813 5351 tomi
823 5294 846 5350 ll
855 5295 969 5366 positis,
983 5295 1366 5423 Romaniaditoresinsuper
1377 5297 1407 5352 in
1416 5296 1470 5353 hoo
1481 5296 1674 5372 locolegenda
1686 5298 1879 5369 sequentia
1892 5299 1898 5352 i

294 5394 308 5421 n
326 5369 398 5453 Cum
414 5387 481 5451 uero
496 5372 563 5452 post
576 5368 692 5451 editum
705 5366 834 5493 primum
849 5371 962 5422 tomum
977 5366 1135 5451 prodiisset
1148 5369 1279 5425 Romana
1294 5385 1310 5424 e
1333 5368 1383 5424 itio
1398 5367 1429 5423 P.
1445 5369 1521 5424 Petri
1536 5370 1655 5427 Thomas
1668 5367 1820 5447 Caeciari
1854 5371 1898 5427 al:

295 5446 428 5498 Vetrcam
443 5440 533 5497 Greci
549 5456 623 5513 quos
638 5455 695 5513 ipsi
721 5441 793 5493 reurt
808 5437 948 5502 conterre,
965 5436 1053 5497 utiles
1066 5440 1152 5497 nobis
1167 5440 1295 5507 inerunt,
1311 5443 1376 5508 tum
1392 5444 1424 5496 ut
1437 5442 1580 5500 nonnulla
1594 5440 1658 5500 loca
1673 5440 1897 5501 emendarem

296 5516 330 5574 ut
343 5509 401 5572 tris
414 5511 513 5572 Greca
527 5512 693 5592 fragmenta
706 5512 793 5570 antea
808 5507 919 5582 inedita
928 5509 960 5568 iu
971 5509 1197 5587 appendiculam
1213 5510 1400 5598 referrentur.
1418 5533 1433 5568 n
1554 5513 1558 5518 ’
