4050 6175
9 566 10 569 ,
125 534 164 585 ru,
179 518 216 590 9).

115 294 175 353 :tet
565 381 570 390 .
842 292 974 359 tuedo
989 294 1099 358 JXCW.

125 429 154 486 ed
167 427 390 497 conduentiam,
410 429 466 486 boc
484 428 617 502 perducit
637 429 673 486 ad
694 427 817 502 gloriam
830 430 866 499 (ll
880 428 941 486 Cer.
957 430 985 498 Α

1212 429 1332 487 suune
1350 429 1431 488 xutv
1446 431 1499 504 [At.
1515 430 1608 504 thlll.

1174 536 1211 593 lle
1223 538 1338 606 Jejumo
1354 539 1464 610 septimi
1481 539 1583 599 mamis
1600 537 1643 595 lx,

143 605 942 707 ¹thr.ll.-0Abstinendumnestitaque,dileetissirnniab
996 642 1147 699 mom
1160 644 1226 698 -L
1242 641 1328 715 Παρὰ
1341 642 1493 699 mmmm
1509 659 1566 703 em
1582 642 1821 728 mmmm

125 696 233 793 hisquae
244 695 430 796 nohis-noxie
446 694 744 795 blandiuntur,etiex
759 698 942 795 peccatique
1031 714 1086 798 gap,
1108 728 1191 799 mm
1214 715 1453 798 wrm—11,
1467 715 1500 771 p„
1522 720 1574 800 qq,
1598 716 1727 799 ΨΜ
1743 717 1820 789 μμ
1870 726 1874 733 ·

111 787 158 851 ‚est
172 800 200 841 ru
216 783 362 841 memhns
374 783 943 857 nostrrstltom.v11,23),Derlegesupe·
1031 802 1111 841 erem
1133 789 1169 841 set
1194 790 1313 857 poeticen
1336 788 1362 841 et
1385 802 1437 859 quo
1460 788 1568 844 samito
1591 786 1770 861 seminalium.
1786 818 1821 833 -
1901 844 1903 853 ,

111 873 204 936 ,rsnda
214 876 327 929 estzut
340 872 410 929 licet
419 890 471 946 per
485 890 587 930 omnes
604 890 710 930 sensus
725 871 942 945 corporismul-
1031 856 1079 913 ῙῙῙ·
1097 856 1152 913 ⁶¹⁸?
1181 856 1696 985 “atumemffflffllni'ssl'stniumsm'l
1710 860 1821 944 {7²⁸2oesp

120 960 335 1018 tsinsidisntur
345 959 777 1030 illecebre,animatamen‚cui
788 976 940 1017 summum
1029 932 1181 1057 {2¹32va
1201 970 1208 984 ·
1225 932 1315 986 ΒΜ
1359 930 1431 1002 ’ΜΒ
1445 945 1509 986 Μ’
1529 943 1674 1003 mmmm
1693 926 1822 1004 dmm*

120 1050 221 1107 mum
245 1054 392 1107 etverum
416 1049 557 1125 gaudium
573 1055 650 1109 Deus
676 1049 819 1119 est,inter
842 1056 940 1107 castas
1065 1017 1079 1072 ³
1183 1040 1190 1055 '

120 1139 320 1213 spiritalesque
335 1138 456 1196 delicias
477 1140 508 1196 in
531 1139 681 1213 snpientia
697 1138 852 1196 latitudine
866 1142 895 1194 et
908 1137 938 1195 in
1029 1141 1097 1198 Gar.
1113 1143 1135 1200 l.
1146 1141 1255 1199 -Seio
1269 1141 1761 1219 quidem,dileotissimi,plurimos
1773 1160 1820 1211 vc·

119 1228 241 1285 veritatis
254 1227 322 1286 luce
337 1233 478 1286 versetur.
494 1228 524 1285 Si
538 1228 617 1285 euim
632 1228 763 1301 seipsum
779 1227 834 1283 sibi
851 1227 939 1284 ratio·
993 1235 1090 1287 strum
1105 1231 1148 1288 ita
1161 1230 1190 1286 in
1206 1231 1243 1289 iis
1258 1248 1322 1305 qua
1337 1231 1375 1305 (h)
1391 1232 1427 1289 ad
1444 1232 1660 1293 observantiam
1675 1232 1818 1295 Christia-

120 1317 185 1375 nslis
211 1317 302 1375 homo
317 1322 478 1393 comparet,
493 1335 655 1391 omnesque
669 1333 793 1375 suorum
815 1321 937 1373 actuum
992 1336 1062 1377 nom
1076 1320 1225 1393 pertinent
1238 1337 1303 1378 esse
1317 1322 1446 1390 devotos,
1463 1326 1496 1381 ut
1515 1321 1624 1380 noshis
1642 1322 1819 1381 cohortatio·

119 1406 268 1481 qrrslitates
279 1406 537 1481 vercinspeetione
547 1406 896 1479 dijudicetuumquidw)
907 1405 937 1461 in
992 1408 1079 1466 nibus
1094 1427 1152 1467 non
1168 1409 1318 1485 indigeant
1331 1410 1492 1469 admoneri.
1504 1412 1588 1478 Quod
1608 1410 1688 1469 enim
1702 1411 1817 1481 dudum

117 1495 221 1553 intimis
237 1496 423 1559 curamentis
438 1514 497 1553 sua
519 1496 574 1553 hoe
594 1494 796 1553 delectationis
811 1495 938 1553 inveniet
991 1503 1020 1553 et
1034 1498 1152 1555 traditio
1162 1498 1300 1572 decrevit,
1311 1498 1529 1557 etcoaauctudo
1539 1499 1738 1571 demeritum
1753 1517 1818 1573 erq-

117 1586 147 1643 de
160 1584 318 1659 iniquitate
330 1585 500 1653 commissa,
511 1585 589 1659 quod
602 1585 638 1641 de
652 1585 788 1658 aequitate
804 1584 937 1641 serrata?
990 1586 1063 1643 ditio
1077 1588 1202 1662 ignorat,
1218 1605 1271 1645 uec
1285 1587 1379 1660 pietas
1393 1588 1598 1663 pretermittit.
1613 1588 1670 1647 Sed
1685 1591 1756 1664 quia
1768 1606 1815 1653 sa·

115 1678 159 1733 aut
170 1679 291 1730 tantum
303 1673 330 1730 ei
340 1674 535 1746 jucunditatis
548 1673 674 1731 carnalis
685 1672 830 1747 voluptas,
843 1689 936 1745 quau·
990 1676 1144 1733 cerdotalis
1165 1676 1253 1733 officii
1269 1680 1315 1734 est
1332 1692 1403 1751 erga
1415 1693 1517 1734 omnes
1530 1676 1665 1736 Ecclesia
1676 1677 1753 1737 illics
1764 1695 1816 1745 ea-

116 1767 172 1819 tum
186 1761 331 1837 spiritalis
342 1748 615 1836 parietnppetitus?
631 1762 709 1819 Nihil
720 1779 841 1836 prorsus
850 1762 888 1835 (ὸ)
899 1764 935 1819 de
949 1797 973 1862 Β
990 1781 1053 1821 rum
1069 1765 1175 1822 babere
1190 1780 1388 1832 communem,
1400 1765 1429 1822 iu
1441 1764 1471 1822 id
1483 1766 1562 1840 quod
1573 1770 1603 1823 et
1615 1766 1740 1825 rudibus
1750 1782 1816 1841 pro·

114 1851 247 1908 rirtutum
271 1851 359 1910 bouis
383 1851 489 1924 attigit,
506 1849 580 1907 nihil
596 1852 632 1908 de
648 1851 764 1925 pietatis
788 1850 931 1909 scaevitate
988 1854 1028 1910 sit
1042 1858 1071 1910 et
1084 1855 1189 1926 doctis,
1201 1871 1275 1928 quos
1297 1853 1385 1912 simul
1409 1854 1571 1929 diligimus,
1587 1855 1698 1929 puriter
1710 1854 1814 1921 incita·

112 1940 302 2014 gustaritqui
318 1941 414 2014 magis
428 1943 490 1997 vult
511 1941 541 1996 in
557 1939 603 1996 his
617 1940 785 1998 sordeseere
795 1957 860 2014 quae
876 1939 931 1995 im·

112 2030 216 2085 munda
224 2033 404 2101 saut,quam
414 2029 445 2085 in
456 2027 493 2085 iis
502 2028 654 2103 splendere
665 2046 729 2103 que
739 2034 842 2086 saneta
850 2032 930 2086 sunt.

111 2118 167 2175 Non
177 2116 249 2175 sinit
261 2117 335 2174 ratio
347 2122 380 2173 ut
390 2118 526 2175 cordibus
543 2135 600 2174 uon
615 2134 827 2192 usquequaque
839 2118 930 2192 eapti·

111 2208 151 2263 ris
164 2207 204 2263 ita
218 2207 334 2281 placeat
347 2207 455 2265 satiata
468 2207 522 2272 irs,
538 2211 571 2263 ut
585 2207 708 2265 remissa
721 2208 864 2277 vindictam
880 2212 932 2264 aut

111 2301 219 2353 tantum
247 2302 388 2371 generent
415 2296 556 2371 gaudium
580 2297 615 2368 (c)
640 2295 717 2353 male
746 2296 868 2369 quesita
895 2296 931 2353 de

109 2384 207 2451 aheno,
222 2390 368 2458 quantum
384 2385 458 2442 bene
472 2401 599 2457 expensa
612 2385 648 2441 de
663 2385 791 2458 proprio.
807 2383 931 2441 Felicior

108 2490 218 2547 semper
231 2478 277 2531 est
291 2489 380 2547 parea
400 2474 593 2548 temperantia
607 2491 696 2548 quarn
712 2475 831 2547 profusa
844 2474 929 2530 luru-

110 2563 163 2631 rie;
178 2563 216 2636 (d)
231 2564 329 2635 moJ'ur
361 2562 479 2637 requies
493 2562 656 2626 humilibus
671 2580 759 2638 quam
775 2564 928 2636 superbis;

109 2656 135 2706 et
147 2651 300 2710 sublimior
314 2668 400 2708 mens
415 2668 479 2724 qua
504 2652 580 2708 inter
600 2650 747 2726 prohibita
761 2656 849 2725 alque
864 2669 928 2726 per-

110 2741 195 2797 missa
208 2741 319 2799 osthus
336 2741 426 2798 habet
440 2758 557 2815 sperare
572 2741 710 2812 caelestia,
726 2758 816 2815 quam
831 2759 929 2798 amare

111 2830 394 2887 smaelitarum
421 2829 453 2886 in
481 2830 536 2887 boe
563 2835 701 2904 provectu
728 2831 845 2887 animus
862 2830 928 2886 reli·

110 2918 204 2990 posue
218 2918 342 2976 excellat
351 2924 382 2975 et
391 2920 513 2991 jussus
523 2919 871 2977 dominationisobtiueet
881 2922 927 2993 (e),

111 3008 267 3081 subigendo
282 3007 398 3081 corpori
421 3009 573 3083 castigatio
597 3013 642 3066 est
665 3009 832 3065 adhibenda
851 3009 928 3081 jeju-

9 3084 10 3140 ἰ
110 3097 158 3151 nii.
173 3098 252 3163 Quod
267 3096 337 3153 licet
351 3095 480 3171 generali
500 3099 618 3156 nomine
639 3099 675 3155 ad
698 3116 814 3156 omnem
836 3101 928 3157 eonti-

986 1961 1054 1999 mus
1071 1961 1078 2000 :
1096 1948 1128 2000 ut
1140 1943 1290 2016 jejunium
1305 1944 1387 2016 quod
1400 1943 1484 2000 nobis
1505 1942 1623 2015 septimi
1636 1944 1748 2003 mensis
1767 1959 1815 2003 re-

986 2049 1090 2091 cursus
1106 2031 1217 2102 indicit,
1234 2032 1292 2088 fide
1306 2031 1394 2089 alacri
1418 2049 1470 2108 per
1484 2032 1706 2107 castigationem
1722 2031 1814 2097 animi

985 2124 1014 2177 et
1033 2121 1164 2194 eorporis
1186 2120 1377 2178 celebremus.
1390 2121 1529 2189 Quamvis
1552 2120 1632 2180 enim
1655 2120 1813 2189 diminutio

985 2210 1042 2267 cibi
1057 2226 1176 2266 carnem
1202 2210 1318 2284 proprie
1332 2210 1467 2267 videatur
1489 2209 1699 2279 affluere,nihil
1713 2214 1813 2271 amer

985 2298 1132 2372 corporcis
1148 2299 1285 2356 sensibus
1302 2298 1345 2355 rel
1359 2298 1527 2356 conceditur
1535 2297 1581 2355 vel
1596 2297 1812 2373 negetur,quod

985 2403 1043 2443 non
1056 2386 1133 2444 sieut
1143 2387 1179 2445 ad
1194 2387 1380 2453 servientem,
1392 2387 1433 2444 ita
1443 2386 1587 2461 pertineat
1598 2386 1634 2444 ad
1644 2386 1811 2461 jubentem.

984 2478 1056 2533 Cum
1072 2476 1170 2550 itaque
1185 2476 1389 2550 unusquisque
1403 2476 1491 2543 homo
1510 2474 1657 2549 duplicem
1671 2475 1703 2533 lu
1719 2492 1750 2533 se
1768 2474 1810 2537 lar

983 2582 1050 2638 gem
1065 2565 1173 2622 babeat
1186 2563 1381 2632 continentie,
1391 2563 1523 2639 nihilque
1535 2563 1685 2623 cenerum
1695 2566 1808 2623 nestra

984 2666 1049 2710 raum
1065 2655 1100 2711 ad
1116 2653 1213 2712 solnm
1228 2671 1346 2729 corpus.
1358 2652 1451 2709 multa
1462 2656 1562 2709 autem
1576 2652 1613 2710 ad
1626 2650 1723 2711 solum
1738 2652 1810 2711 rote-

982 2743 1074 2799 rende
1088 2743 1148 2800 sint
1169 2743 1313 2811 animum,
1333 2742 1492 2816 prudenter
1503 2741 1645 2799 debemus
1659 2741 1809 2801 aduertere

983 2849 1073 2905 quam
1088 2832 1226 2889 indecens
1248 2848 1396 2905 quamque
1421 2830 1566 2905 injustum
1591 2829 1641 2900 sit,
1657 2830 1683 2888 si
1702 2829 1810 2905 quode

983 2921 1133 2995 superiore
1156 2921 1295 2978 indicitur
1309 2922 1346 2977 ab
1359 2921 1497 2978 interiore
1519 2917 1744 2995 negligeretis
1756 2935 1809 2981 ou-

982 3015 1043 3067 tem
1062 3027 1145 3068 meus
1160 3010 1313 3068 rationalis
1328 3009 1485 3067 salubriter
1505 3009 1584 3066 ΜΔ
1605 3007 1747 3067 exterlors
1761 3023 1808 3065 ea*

983 3102 1082 3176 stiget,
1096 3101 1183 3158 debet
1196 3100 1284 3158 etiam
1308 3089 1426 3173 propria
1440 3115 1572 3158 exercere
1589 3098 1723 3172 jejunia:
1740 3096 1810 3171 quia

111 3187 234 3243 denhem
272 3186 419 3260 pertinere
443 3188 585 3257 uideatur,
609 3187 724 3261 proprie
758 3193 858 3245 tamen
891 3164 1153 3248 sacrariolum
1176 3189 1272 3246 carnis
1296 3188 1460 3258 desideriis,
1475 3189 1527 3248 sed
1542 3188 1631 3245 etiam
1651 3186 1743 3246 animi
1757 3202 1809 3246 on·

109 3274 207 3332 mendi
222 3275 449 3334 diminutionem
469 3277 593 3333 refertur
608 3295 615 3335 ι
633 3283 666 3335 ut
680 3277 772 3351 prosit
786 3295 864 3335 nune
879 3296 928 3335 vo·

9 3383 10 3402 r
111 3360 215 3421 luntatc
229 3383 287 3422 non
316 3382 445 3436 sumere,
461 3365 538 3439 quod
565 3367 601 3422 ab
621 3366 706 3424 initio
732 3372 834 3424 eontra
856 3369 927 3425 veti·

110 3456 170 3510 tum
196 3455 296 3512 necuit
326 3471 515 3529 usurpasse:
540 3449 573 3513 ut
600 3457 678 3512 siout
702 3455 761 3514 illie
790 3459 927 3531 eoncupi-

9 3527 10 3548 ³
112 3544 336 3618 tentaminis
358 3542 480 3616 vulneri,
495 3545 536 3602 ita
551 3544 599 3602 hie
619 3545 798 3604 abstinentia
820 3547 860 3604 sit
881 3565 928 3604 sa·

115 3629 173 3687 luti.

145 3720 209 3778 Car.
224 3721 313 3777 lll.-
327 3720 381 3777 Cui
396 3722 557 3791 medicina,
570 3721 764 3794 dilectissimi,
777 3724 845 3781 licet
858 3728 930 3781 tem·

981 3280 1156 3355 piditatibus
1172 3277 1306 3336 convenit
1320 3294 1492 3352 repugnare,
1506 3276 1620 3336 dicente
1635 3276 1786 3350 Scriptura
1798 3292 1807 3333 t

983 3374 1046 3427 Post
1058 3369 1288 3442 corrmpiscentios
1298 3370 1360 3423 teos
1372 3382 1428 3423 eoa
1438 3382 1494 3435 cor,
1504 3373 1556 3423 ete
1565 3366 1704 3428 eotentete
1717 3368 1765 3420 teo
1774 3361 1807 3437 (i)

983 3461 1104 3516 atemere
1119 3457 1213 3527 (Ereti.
1226 3472 1303 3522 nuru,
1313 3455 1369 3528 30).
1380 3455 1524 3528 tqunsns
1541 3469 1609 3528 ergo
1623 3454 1661 3511 ab
1684 3452 1723 3511 iis
1743 3468 1807 3527 qua

983 3564 1051 3606 earo
1065 3544 1186 3620 appetit,
1205 3545 1320 3618 jejunet
1343 3547 1372 3600 et
1390 3543 1427 3600 ab
1442 3543 1479 3599 iis
1493 3560 1558 3617 quae
1586 3543 1663 3604 male
1689 3541 1810 3616 interior

984 3635 1152 3694 substantia
1174 3633 1364 3707 concupiscit.
1380 3633 1525 3689 Pessimus
1547 3631 1626 3689 enim
1649 3631 1754 3688 anima
1769 3629 1809 3687 ci-

984 3727 1041 3782 bus
1057 3727 1111 3793 est,
1126 3723 1199 3780 velle
1214 3721 1292 3796 quod
1316 3739 1375 3779 non
1390 3720 1469 3790 liect;
1486 3723 1515 3778 et
1540 3720 1625 3778 noxia
1648 3718 1745 3778 cordis
1759 3719 1809 3779 de·

118 3811 248 3879 paam
264 3827 353 3868 omne
367 3811 406 3868 sit
420 3828 593 3885 congruum,
604 3814 656 3869 boe
672 3818 769 3870 tamen
785 3813 930 3871 babemus
985 3815 1101 3873 lectatio
1116 3817 1170 3881 est,
1186 3830 1250 3887 qua
1266 3814 1318 3870 aut
1340 3809 1420 3885 turpi
1442 3809 1524 3867 luero
1538 3807 1679 3884 pascitur,
1695 3811 1747 3867 aut
1760 3825 1811 3867 su·

119 3900 389 3973 aptissimmmquod
400 3906 429 3957 et
442 3901 649 3974 apostoliciset
661 3901 803 3975 legalibus
815 3902 932 3959 institu-
985 3904 1086 3980 perbia
1108 3901 1268 3969 extollitur,
1285 3905 1337 3959 eut
1350 3901 1384 3975 (j)
1399 3899 1510 3957 ultione
1533 3898 1659 3957 letatur.
1674 3896 1812 3964 Quemvis

18 4023 22 4036 .
120 3987 291 4047 tisridernns
312 3988 708 4060 electum,utsieutinsliis
732 3991 929 4061 annidiebus,
986 3993 1065 4051 enim
1090 3993 1138 4049 bis
1168 3991 1320 4048 attactibus
1348 3988 1724 4063 motusquoquocerperis
1751 4002 1811 4045 ser·

123 4075 932 4153 itairmensescptimospiritalibusnospurificationibus
986 4084 1077 4151 uiant,
1092 4083 1128 4138 ad
1144 4080 1286 4155 originem
1301 4083 1399 4136 tumen
1416 4095 1501 4136 suam
1520 4081 1627 4135 cuncta
1640 4075 1811 4152 respiciunt,

19 4155 23 4182 ³
124 4168 565 4226 emundemus.Conrerricntibus
576 4169 655 4226 enim
672 4170 700 4224 in
718 4187 810 4226 unum
826 4188 930 4244 propo·
986 4178 1014 4229 et
1030 4171 1071 4228 ibi
1085 4177 1220 4228 consetur
1234 4169 1363 4243 qualitas
1377 4167 1512 4238 actionis,
1523 4165 1574 4224 ubi
1595 4166 1743 4224 invonitur
1757 4164 1813 4222 ini-

124 4253 201 4311 situm
224 4258 318 4314 tribus
337 4257 455 4326 studiis,
471 4259 601 4315 oratione
622 4258 742 4327 seilicet,
754 4264 783 4316 et
807 4260 932 4316 eleemo·
987 4262 1060 4316 tium
1076 4259 1244 4328 voluntatis,
1257 4275 1347 4331 quam
1367 4273 1502 4315 revocare
1515 4275 1533 4314 a
1546 4256 1644 4330 pravis
1658 4253 1813 4313 desideriis

124 4346 417 4419 spnnntqaejejunio,
428 4346 615 4420 praestabitur
626 4346 931 4406 nobisamisericordi
986 4350 1133 4424 optimum
1159 4349 1381 4420 maximumque
1404 4345 1552 4420 jejunium
1571 4349 1627 4414 cst,
1647 4343 1718 4419 quie
1740 4348 1811 4400 tuno

9 4457 10 4484 r
125 4427 174 4486 ileo
187 4439 212 4489 et
224 4434 361 4491 cohibitio
376 4435 581 4508 cupiditatum,
593 4441 622 4493 et
635 4438 782 4495 exauditio
797 4456 930 4512 precum,
985 4445 1032 4498 est
1045 4438 1149 4498 edendi
1174 4437 1351 4495 abstinentia
1374 4437 1524 4500 fructuosa
1546 4434 1661 4507 quando
1685 4431 1812 4490 exterior

125 4523 150 4573 et
167 4522 289 4580 remissio
311 4527 499 4598 peecatorum
515 4543 522 4581 :
538 4541 591 4598 per
615 4526 772 4582 Dominum
797 4533 930 4585 nostrum
945 4536 969 4602 Ι)
985 4529 1111 4605 parcitas
1126 4545 1144 4584 a
1158 4525 1351 4600 temperentia
1363 4524 1500 4580 interiore
1514 4522 1657 4596 procedit.

126 4605 212 4666 imm
224 4612 371 4670 Christum
387 4614 437 4687 (p),
451 4612 502 4685 qui
524 4614 593 4670 vivit
607 4619 637 4670 et
650 4620 753 4688 regnat
764 4633 832 4674 cum
848 4618 932 4676 Patre
1021 4621 1088 4676 tter.
1105 4619 1139 4675 ll.
1151 4649 1184 4659 -
1199 4613 1377 4672 celebraturi
1392 4611 1492 4686 igitur,
1504 4610 1698 4681 dilectissimi,
1708 4626 1811 4669 verum

128 4700 152 4750 et
162 4696 260 4771 Spiritu
274 4706 377 4758 saneto
391 4701 422 4757 in
436 4701 543 4760 secula
556 4703 741 4761 seculorum.
758 4707 860 4763 Amen.

159 4824 191 4967 ὃς
203 4826 254 4885 lla.
267 4827 415 4902 Bergom,
430 4830 460 4884 in
477 4831 549 4886 imo.

153 4965 158 4975 Ι
205 4899 241 4954 lla
254 4916 288 4955 ex
302 4900 374 4972 quin
418 4917 433 4957 e
446 4917 519 4957 mss.
535 4901 601 4959 Vnt.
614 4906 642 4958 et
656 4903 772 4960 duobus
786 4905 933 4962 Lectione·

131 4979 174 5022 rus
186 4969 307 5043 bergom.
325 4977 355 5028 et
389 4978 484 5029 ensto.
497 4973 572 5030 liditi
586 4979 653 5031 ante
669 4977 787 5042 Quaen,
799 4976 832 5033 de
845 4979 933 5033 rurre-

131 5039 178 5117 bar
192 5043 328 5112 splendore
349 5045 472 5115 adiecit,
495 5048 524 5100 et
547 5044 625 5111 dein,
651 5049 750 5117 pectet.
767 5048 886 5118 Quaen,
902 5048 935 5105 de

130 5116 243 5169 musea
254 5114 398 5186 splendore
417 5118 543 5188 campet,
560 5124 586 5173 et
605 5119 742 5187 pratalia
757 5119 793 5175 ad
810 5119 838 5174 id
854 5138 934 5176 mars

129 5179 185 5249 gius
197 5201 204 5239 ε
218 5184 271 5250 Al„
285 5185 321 5242 de
334 5188 471 5243 sidetem
483 5188 572 5244 hona.

986 4714 1014 4768 et
1029 4706 1158 4783 spiritale
1170 4701 1409 4778 jejuniumquod
1419 4704 1448 4758 et
1457 4716 1563 4773 corpus
1574 4702 1603 4757 et
1617 4698 1750 4756 animum
1765 4698 1812 4757 sui

1023 4834 1058 4908 (e)
1074 4833 1122 4890 Sic
1137 4848 1172 4889 ex
1186 4828 1295 4887 nostris
1316 4843 1389 4884 mss.
1406 4829 1435 4884 et
1450 4823 1547 4900 editis,
1556 4828 1676 4899 excepte
1691 4826 1812 4894 Quaen..

987 4906 1065 4980 apud
1081 4899 1367 4976 quammobrem.
1715 4933 1718 4936 -

1035 4979 1052 5049 s
1073 4977 1180 5041 Quesn.
1190 4920 1385 5044 enituisset,
1394 4969 1435 5027 uti
1446 4968 1553 5043 legitur
1562 4969 1593 5025 in
1603 4967 1702 5027 oodice
1711 4968 1813 5025 venet.

1035 5065 1051 5121 p
1078 5048 1120 5102 Ei·
1139 5062 1213 5102 mss.
1228 5043 1338 5101 Veneto
1361 5046 1391 5098 et
1414 5041 1478 5098 Vel.
1496 5039 1610 5099 collect.
1625 5042 1652 5109 l,
1666 5037 1813 5116 suppleri·

988 5137 1067 5185 mus,
1080 5134 1141 5174 cem
1155 5118 1278 5173 Petraei
1292 5114 1400 5187 Spiritu
1412 5115 1515 5171 mnae.

1025 5191 1064 5263 (h)
1079 5188 1155 5245 ilditi
1172 5193 1238 5244 ante
1255 5187 1375 5255 Quaem,
1391 5185 1427 5240 ad
1441 5185 1641 5242 elementiam
1657 5179 1813 5237 christianae

158 5253 187 5324 (el
199 5255 269 5313 Editi
285 5263 355 5314 ante
369 5258 489 5325 Quem..
501 5260 577 5314 moto
590 5262 717 5331 quatita,
729 5264 759 5317 et
772 5261 850 5330 dein,
866 5262 935 5318 boec
988 5262 1062 5334 fidei,
1079 5277 1147 5317 cum
1168 5260 1251 5316 codd.
1269 5257 1382 5314 collect.
1398 5258 1415 5313 3
1429 5261 1458 5314 et
1471 5258 1498 5313 l.
1514 5254 1613 5313 Ceteri
1627 5250 1719 5308 nostri
1734 5247 1814 5330 cadi·

129 5335 238 5395 “mssa
248 5328 291 5385 Ali
316 5330 347 5385 ui
361 5330 445 5385 cedd.
457 5330 707 5398 habenttantnm,
723 5333 793 5388 haee
806 5349 934 5405 mense.
989 5350 1038 5391 ces
1053 5336 1083 5389 et
1103 5348 1175 5388 mss.
1191 5330 1277 5388 Corb.
1292 5347 1326 5386 nc
1344 5329 1415 5385 vict.
1432 5325 1578 5395 Quosnelli
1592 5327 1688 5380 tentus
1711 5319 1815 5378 lectio·

127 5389 288 5458 Menoetes
325 5401 485 5458 actionaria
504 5406 601 5457 tertiis
619 5401 773 5459 lectionem
787 5404 934 5461 exhibent.

155 5467 243 5539 (tilia
267 5489 336 5528 cum
360 5471 515 5536 Qmsnello
537 5489 594 5529 ms.
612 5473 759 5547 bergom,
773 5480 803 5532 et
831 5493 934 5549 parum
1027 5477 1060 5550 (i)

990 5422 1058 5461 nem
1094 5403 1240 5459 raserunt.

1073 5422 1289 5532 {sedenarium
1303 5476 1457 5535 venetum,
1471 5472 1571 5525 uetare.

126 5535 284 5621 absimiliter
302 5544 392 5600 codex
411 5543 549 5613 Venetus,
563 5546 654 5616 major
668 5545 753 5618 quiea.
769 5548 936 5604 Anteriores
1025 5549 1059 5621 (j)
1074 5546 1120 5603 sle
1130 5544 1303 5610 Quosnellus
1318 5545 1495 5599 eumnostro
1505 5534 1814 5620 Lecticnuriolleneto.

124 5609 253 5671 editiones
272 5631 342 5671 cum
364 5632 437 5673 mss.
453 5616 647 5690 posteriorum
663 5616 787 5687 collect,
796 5621 938 5693 majorque
990 5617 1155 5675 &oemunt
1175 5633 1247 5674 mss.
1264 5612 1441 5672 collectionis
1454 5614 1482 5679 2,
1500 5610 1530 5667 in
1550 5607 1658 5684 qurbm
1678 5607 1814 5680 habens,

123 5684 159 5739 at
171 5683 217 5740 iae
230 5685 391 5743 humilibus.

213 5810 348 5883 Persou·
372 5812 447 5880 tlv.

990 5689 1124 5752 credide
1140 5687 1240 5751 Ceteri
1255 5685 1338 5759 editi,
1352 5682 1522 5745 stratone.

1620 5809 1658 5878 id
1742 5807 1748 5816 “
