4050 6175
184 319 227 383 Ξῖ
584 316 795 386 umberto
816 319 1038 387 annuentis
1060 320 1101 386 ill
1123 322 1229 388 HANG
1251 320 1481 390 solutoribus.
1845 323 1884 388 28

186 455 418 522 'medes-
447 454 669 540 &wulfrie
689 452 933 519 wsslemmdu
957 456 996 520 P.
1026 457 1167 536 coesset:
1195 459 1303 524 Suros
1331 476 1419 525 nasso
1433 458 1487 544 (c).
1517 460 1676 525 Hactenus
1703 458 1883 526 eichardus

186 562 307 637 Simon,
323 558 378 641 qui
391 558 424 620 in
437 557 680 638 congregatione
695 554 831 618 Oratorii
842 574 905 617 una
919 574 989 618 cum
1006 558 1173 629 Quesnello
1188 557 1305 621 diutius
1319 560 1398 622 vixit
1412 578 1511 642 usque
1525 561 1566 623 ad
1577 560 1724 625 Leoninae
1736 560 1885 624 editionis

184 665 307 728 circiter
320 668 474 741 tempora.
490 659 527 720 lu
541 655 600 717 boc
630 660 735 716 autern
764 653 943 716 testimonio
970 654 1050 715 illud
1078 657 1251 736 prmsertim
1280 658 1509 720 observandum
1539 664 1596 732 est,
1622 660 1702 722 adeo
1730 660 1880 722 acerbum

184 762 382 826 etinfensum
396 756 429 817 in
445 758 619 816 Romanam
635 751 739 813 sedem
770 751 863 814 fuisse
879 752 1093 829 Quosnellum,
1122 761 1157 814 ut
1171 755 1254 816 onie
1268 755 1332 817 suis
1347 773 1473 837 quoque
1496 757 1707 819 confratribus
1734 757 1880 839 quaedam

183 861 251 922 loca
267 852 495 938 displicuerint,
511 850 565 930 qui
579 849 695 911 idcirco
717 849 749 909 in
765 848 1027 929 interpretatione
1042 850 1154 912 Latina
1166 870 1204 913 ea
1230 853 1419 915 emollienda
1441 855 1641 916 existimarit.
1659 855 1735 916 Gum
1751 874 1825 917 vero
1848 854 1880 916 id

183 954 366 1031 Ouesnellus
379 948 546 1031 respuerit,
560 946 638 1010 nibil
655 947 714 1008 bac
729 947 760 1008 in
775 954 865 1028 parte
881 948 921 1008 ab
936 949 1161 1029 interpretibus
1175 950 1317 1012 additum
1340 952 1390 1013 vel
1413 958 1639 1033 exaggeratum
1664 953 1725 1015 dici
1753 958 1879 1035 potest;

181 1053 234 1116 sed
250 1048 404 1134 quidquid
419 1046 561 1112 acerbius
572 1045 604 1107 in
619 1063 657 1107 ea
670 1043 807 1107 editione
826 1044 950 1124 legitur,
982 1052 1085 1107 totum
1100 1064 1139 1107 ex
1163 1046 1261 1127 ipsius
1282 1047 1441 1120 Quosnelli
1467 1055 1573 1112 mente
1601 1054 1698 1130 atque
1722 1051 1880 1113 sententia

181 1152 357 1232 profectum
372 1146 564 1229 agnoscitur.

219 1247 382 1311 XIX.Duo
410 1242 571 1325 precipua
598 1243 724 1303 fuerunt
750 1239 935 1321 praejudicia
949 1241 1064 1320 quibus
1079 1240 1131 1303 bic
1159 1241 1336 1318 laborabat,
1366 1242 1500 1306 alterum
1530 1243 1563 1305 in
1591 1244 1725 1308 matoria
1752 1246 1877 1326 gratiae,

90 1427 95 1436 ι
179 1347 312 1409 alterurn
328 1362 403 1407 vcro
419 1340 734 1421 adversusquasdam
749 1342 899 1401 Romanae
926 1339 1007 1402 sedis
1035 1341 1271 1420 prerogativae.
1288 1343 1321 1402 in
1355 1344 1486 1404 materia
1512 1343 1636 1423 gratim,
1665 1362 1761 1424 quem
1793 1345 1876 1407 male

179 1445 311 1510 senserit
336 1442 442 1525 palam
472 1439 592 1501 faciunt
618 1457 656 1501 es
682 1457 754 1518 qum
783 1441 892 1518 postca
916 1437 1028 1511 edidit,
1052 1443 1084 1500 et
1110 1439 1243 1500 solemni
1271 1439 1502 1502 Constitutione
1530 1441 1706 1521 proscripta
1735 1442 1876 1504 fuerunt.

178 1547 225 1608 lca
254 1543 303 1606 bis
328 1538 483 1606 nonnulla
510 1536 640 1600 editioni
667 1534 780 1598 Leonis
807 1534 964 1614 inspersit,
994 1534 1050 1596 sed
1078 1534 1214 1597 latenter
1248 1541 1280 1598 et
1308 1537 1452 1616 parcius:
1484 1537 1523 1599 do
1552 1537 1667 1617 quibus
1693 1537 1726 1599 in
1755 1537 1880 1620 aliquot

178 1638 448 1707 observationibus
476 1635 517 1698 ad
534 1634 643 1697 Leonis
671 1635 839 1697 Sermones
860 1637 892 1694 et
919 1632 959 1692 ad
986 1632 1240 1695 dissertationem
1269 1634 1439 1696 secundam
1467 1635 1501 1695 in
1527 1634 1626 1697 libros
1647 1635 1685 1697 de
1721 1635 1880 1699 Vccotrbee

177 1741 315 1805 omnium·
333 1737 478 1819 pentima,
506 1733 706 1796 nonnihilum
735 1730 916 1793 disseretur.
946 1731 981 1791 ln
1009 1730 1187 1811 pontificias
1213 1736 1318 1793 autem
1334 1733 1561 1813 prerogativae
1582 1733 1721 1813 apertius
1737 1741 1768 1795 et
1782 1734 1879 1796 latius

176 1840 342 1920 divagatus
369 1835 488 1899 estin
514 1832 574 1895 bas
599 1849 675 1893 vero
705 1829 786 1890 male
815 1827 1071 1903 licetanimatus,
1088 1835 1123 1890 ut
1138 1830 1315 1910 passionem
1343 1849 1470 1893 omnem
1486 1848 1522 1894 ac
1543 1831 1765 1912 praejudicium
1780 1849 1879 1894 occu·

175 1938 265 2013 leret,
294 1932 536 2019 protestationes
561 1928 716 2011 quasdam
744 1926 963 2003 observantiae,
992 1927 1097 1989 cultus
1123 1933 1155 1989 ct
1180 1928 1362 1991 reverentiae
1388 1928 1421 1989 in
1450 1929 1655 2009 apostolicam
1684 1929 1789 1992 sedem
1805 1949 1877 1994 ma·

176 2031 441 2117 guilicentissimis
468 2028 571 2091 verbis
584 2025 753 2089 identidem
769 2023 935 2105 exposuit3
965 2043 999 2086 re
1028 2029 1134 2086 autem
1163 2026 1382 2087 auctoritatem
1406 2025 1474 2105 ejus
1500 2025 1752 2108 quibuscumque
1780 2028 1877 2090 rebus

177 2137 283 2216 posset
309 2135 479 2194 extenuare
506 2130 538 2187 et
564 2124 751 2186 imminuere
780 2122 867 2183 nisus
894 2125 952 2183 est.
981 2122 1118 2183 Tantum
1142 2140 1373 2201 uerosesupra
1399 2127 1530 2184 caeteros
1557 2121 1699 2202 ejusdem
1730 2124 1878 2187 factionis

175 2232 321 2296 homiues
334 2229 395 2292 bac
408 2226 441 2288 in
456 2243 489 2287 re
517 2226 713 2305 praeventum
742 2219 927 2294 Qucsnellus
956 2219 1105 2299 prodidit,
1122 2225 1158 2280 ut
1186 2220 1376 2281 documenta
1404 2239 1475 2300 quae
1491 2220 1641 2282 Romanis
1657 2223 1877 2301 praerogativis

175 2333 282 2396 favere
316 2326 515 2398 videbantur,
543 2322 617 2383 licet
643 2319 774 2382 omnino
802 2324 898 2391 certa,
928 2317 994 2397 ipse
1023 2316 1110 2378 velut
1135 2317 1336 2397 supposititia
1364 2319 1413 2380 vel
1442 2318 1553 2380 saltem
1581 2318 1679 2380 dubia
1706 2320 1875 2383 traducere

175 2418 670 2501 inanissimis,conjectationibus
697 2415 863 2479 studuerit.
893 2418 969 2489 Hac,
999 2414 1183 2489 utvidctur,
1201 2414 1240 2477 de
1269 2433 1364 2477 causa
1389 2415 1610 2496 expungenda,
1640 2433 1690 2478 aa.
1706 2437 1768 2498 gn,
1800 2436 1877 2481 eon.

175 2521 419 2593 suitconcilium
446 2519 632 2598 Teleptense
658 2533 729 2577 cum
757 2513 891 2595 epistola
918 2512 1021 2575 Siricii
1049 2531 1152 2593 papae,
1182 2513 1337 2574 actionem
1365 2512 1652 2576 cbalcedoncnscm
1677 2514 1716 2578 de
1738 2518 1874 2593 Domuo,

175 2632 209 2690 et
221 2625 317 2692 vitam
331 2621 365 2682 S.
383 2615 529 2686 Romani,
555 2619 613 2677 aut
639 2614 750 2674 saltem
778 2616 909 2685 textum,
938 2628 1035 2689 quem
1061 2609 1163 2672 eidem
1188 2610 1342 2671 insertum
1370 2616 1401 2671 et
1423 2610 1580 2672 intrusum
1610 2612 1874 2677 comminiscitur.

175 2721 247 2785 ntia
273 2719 374 2800 plura,
403 2732 475 2795 quse
504 2709 663 2772 bominem
691 2708 724 2768 in
753 2709 911 2768 Romanos
937 2704 1102 2787 pontifices
1131 2725 1194 2768 non
1223 2706 1303 2768 bene
1331 2706 1479 2768 allectum
1509 2707 1667 2788 detegent,
1696 2709 1729 2772 iu
1758 2712 1877 2775 nostris

176 2811 448 2882 observationibus
474 2813 570 2887 atque
610 2804 706 2867 etiam
731 2804 765 2865 in
791 2802 951 2865 nonnullis
987 2802 1244 2865 annotationibus
1271 2802 1446 2868 identidem
1473 2810 1660 2867 occurrent:
1691 2825 1772 2888 quas
1798 2809 1879 2890 qui.

176 2932 312 2996 cumque
339 2927 431 2990 aequo
458 2906 565 2968 animo
587 2903 708 2984 legerit,
739 2902 900 2976 fatebitur,
930 2902 963 2963 ni
992 2901 1142 2975 fallimur,
1173 2900 1384 2964 necessarium
1412 2902 1507 2965 fuisse
1534 2903 1674 2984 aliquam
1702 2905 1873 2970 editionem

176 3009 405 3091 Quosnellianm
433 3022 603 3086 opponere,
635 3020 698 3081 qua
724 3018 832 3062 omnes
858 2998 954 3078 hujus
981 2997 1218 3062 lucubrationes
1250 2999 1433 3079 singillatim
1463 2999 1693 3081 subjicerentur
1721 3005 1871 3082 examini,

175 3133 214 3178 ao
234 3110 328 3193 justis
355 3105 494 3171 censuris
522 3105 699 3184 opportune
725 3104 921 3162 notarentur.
951 3099 1062 3162 Solum
1088 3098 1242 3180 displicet,
1272 3098 1304 3159 id
1333 3099 1452 3178 negotii
1478 3100 1516 3162 iis
1545 3101 1638 3163 fuisse
1672 3103 1871 3183 impositum,

175 3211 276 3294 quiet
302 3205 476 3270 eruditione
491 3205 523 3264 et
550 3198 681 3262 scientia
709 3197 813 3258 minus
841 3196 944 3277 parati
971 3196 1107 3260 suntid
1135 3201 1243 3260 tamen
1269 3196 1434 3260 veritatem
1462 3197 1562 3278 magis
1591 3200 1754 3281 magisque
1770 3202 1876 3264 mani·
1944 3258 1950 3271 ,

174 3311 288 3374 festam
302 3303 407 3368 faciet.
422 3299 553 3364 Sienim
568 3315 637 3370 nos,
654 3295 709 3377 qui
732 3294 890 3356 modicum
913 3295 1067 3369 valemus,
1098 3295 1293 3370 evicerimus,
1322 3314 1420 3376 quam
1449 3315 1613 3378 perperam
1643 3298 1827 3371 Quosnelius
1842 3301 1875 3362 in

174 3406 282 3472 multis
293 3399 463 3485 scripserit,
477 3397 509 3463 id
525 3415 588 3458 non
603 3394 740 3476 ingenio,
759 3410 822 3456 non
837 3399 915 3469 orte,
932 3412 995 3455 nou
1012 3393 1075 3455 ullo
1090 3393 1242 3475 peculiari
1256 3393 1406 3468 subsidio,
1423 3394 1477 3456 sed
1490 3395 1623 3458 veritate
1641 3396 1711 3477 ipsa
1724 3397 1875 3461 demons-

173 3512 279 3570 trante
293 3504 410 3567 factum
427 3496 557 3580 patebit.

213 3606 281 3667 XX.
295 3604 386 3665 Nunc
413 3596 571 3677 reliquum
598 3597 695 3656 estut
719 3594 835 3653 nostrae
861 3588 1007 3652 editionis
1034 3588 1177 3652 ordinem
1204 3588 1406 3670 explicemus.
1436 3589 1594 3661 Quosnelli
1622 3590 1719 3655 editio
1747 3592 1874 3657 duobus

173 3702 268 3767 tomis
295 3696 483 3763 continetur.
512 3691 635 3752 Primus
662 3687 775 3750 Leonis
800 3688 904 3768 Opera
936 3705 1000 3749 non
1032 3690 1094 3747 tam
1123 3687 1261 3765 genuina
1288 3705 1384 3769 quam
1410 3687 1612 3768 supposititia
1639 3689 1874 3770 complectitur.

174 3799 317 3864 ceruina
345 3799 419 3858 sunt
448 3790 661 3854 Sermoneset
686 3786 849 3866 Epistolae.
864 3784 950 3845 Libri
973 3778 1211 3847 autemduo'de
1226 3785 1399 3847 vocatione
1427 3786 1569 3848 omnium
1597 3787 1752 3866 gentium,
1782 3789 1876 3871 capi-

173 3896 242 3959 tuln
257 3894 296 3956 de
309 3890 422 3973 gratia,
440 3893 472 3950 et
497 3884 638 3965 Epistola
652 3882 693 3945 ad
721 3881 963 3953 Demetriadem,
994 3899 1049 3943 scu
1065 3880 1145 3943 liber
1172 3881 1211 3943 de
1240 3881 1436 3956 Humilitatc,
1462 3901 1543 3963 quos
1567 3883 1664 3946 Leoni
1687 3885 1875 3958 Quosnellus

174 4008 339 4075 perperam
368 3985 489 4056 tribuit,
519 3982 603 4043 inter
630 3980 830 4061 supposititia
857 3979 1032 4041 referimus.
1061 3979 1170 4041 lullae
1185 3978 1326 4060 ejusdem
1357 3981 1434 4043 tomi
1448 3980 1564 4059 adjecit
1579 3985 1612 4045 S.
1628 3983 1740 4046 Hilarii
1767 3984 1876 4049 Arela-

173 4089 270 4153 tensis
296 4086 412 4158 Vitam,
439 4087 471 4143 et
497 4077 652 4142 nonnulla
678 4077 820 4158 ejusdcm
848 4077 1018 4158 opuscula.
1046 4076 1191 4140 Secundo
1220 4083 1307 4140 tomo
1335 4077 1588 4160 antiquissimam
1617 4084 1648 4143 et
1677 4082 1876 4161 praestantis-

172 4188 284 4252 simam
313 4180 537 4247 collectionem
558 4179 721 4240 canonum
749 4181 781 4238 et
810 4174 1079 4239 constitutionum
1094 4176 1275 4257 apostolice
1296 4176 1378 4238 sedis
1405 4194 1423 4238 e
1449 4176 1610 4239 codicibus
1639 4178 1747 4252 edidit,
1777 4199 1874 4261 quam

173 4282 312 4349 codicem
350 4279 505 4343 Cononem
519 4284 560 4343 ‚et
599 4273 844 4339 constrictionum
881 4272 1022 4335 Ecclesia
1059 4273 1200 4336 tiemone
1236 4273 1470 4337 inscribendam
1509 4276 1644 4356 putavit,
1684 4295 1748 4339 non
1787 4277 1873 4357 quod

173 4382 256 4445 hanc
282 4376 519 4456 inscriptionem
546 4373 718 4454 praeferant
745 4370 877 4444 codices,
909 4371 962 4433 sed
990 4370 1067 4450 quia
1094 4370 1176 4433 banc
1204 4371 1429 4435 collectionem
1458 4375 1608 4436 Romanae
1637 4374 1783 4438 Ecclesia
1799 4394 1874 4456 pro·

172 4479 286 4562 priam,
304 4474 413 4541 boonis
428 4478 520 4536 estate
534 4471 703 4552 vigentem,
722 4474 753 4532 et
766 4469 807 4533 ob
824 4468 935 4532 codem
950 4467 1093 4549 pluribus
1122 4474 1247 4530 auctam
1276 4468 1423 4548 opinatus
1450 4475 1509 4531 est.
1537 4472 1618 4535 Tum
1647 4470 1782 4553 subjecit
1801 4492 1873 4536 sex·

173 4576 274 4640 decim
302 4571 536 4636 dissertationes
549 4568 582 4630 in
609 4567 722 4632 Leoms
749 4569 852 4648 Opera
871 4571 903 4630 et
927 4566 959 4628 in
987 4566 1148 4628 laudatam
1178 4566 1430 4648 antiquissimam
1458 4566 1680 4631 Collectionem
1709 4571 1873 4633 canonum

172 4681 268 4756 atque
295 4669 560 4736 constitutionum
589 4667 671 4729 sedis
693 4665 886 4748 apostolice.
916 4664 1058 4727 Tandem
1083 4665 1117 4726 in
1141 4665 1299 4746 Icpistolas
1323 4666 1356 4728 S.
1379 4664 1541 4728 Pontificio
1572 4666 1676 4729 varias
1709 4667 1872 4745 lectiones,
1920 4650 1926 4659 ⁶

172 4772 310 4836 uotaset
335 4766 569 4831 observationes
596 4764 765 4846 impressit.
794 4763 975 4826 Notandum
1002 4781 1077 4828 vero
1098 4767 1146 4824 est
1160 4761 1362 4836 Quosnellum
1377 4762 1410 4824 in
1433 4763 1571 4827 secunda
1585 4763 1721 4827 editione
1746 4764 1875 4846 Lugdu-

172 4869 263 4932 nensi
290 4866 367 4930 anni
394 4864 472 4926 1700
486 4882 550 4926 non
579 4881 680 4944 pauca
707 4861 864 4925 addidisse
895 4880 966 4942 quae
985 4861 1117 4923 deerant
1131 4860 1164 4922 iu
1190 4860 1293 4942 prima
1320 4860 1459 4924 editione
1487 4861 1656 4924 Parisicnsl
1682 4861 1758 4924 euni
1782 4864 1873 4926 tens.

172 4966 323 5042 Ouredam
346 4961 431 5027 enim
456 4965 661 5025 monumenta
689 4979 759 5042 quae
784 4964 856 5041 post
879 4959 1015 5040 primam
1039 4958 1210 5021 editionem
1235 4958 1468 5040 prodieruntin
1484 4959 1597 5033 luceru,
1616 4959 1760 5036 inseruit,
1779 4961 1874 5022 nimi·

173 5085 244 5130 rum
259 5063 337 5127 duas
352 5064 475 5125 crmcss
488 5058 636 5121 Martiani
661 5059 810 5140 epistolas
824 5057 864 5119 ad
880 5058 1015 5120 Leonem
1040 5056 1080 5119 ab
1095 5056 1236 5120 Arnoldo
1252 5055 1363 5130 editas,
1381 5074 1478 5118 unam
1493 5055 1646 5138 Eutychis
1660 5056 1701 5119 ad
1719 5057 1873 5132 ,eumdem

174 5162 355 5246 pontificem
369 5158 612 5238 vulgatamaP.
628 5159 726 5236 Lupo,
760 5157 973 5236 fragmentum
1002 5153 1149 5233 lipistolae
1180 5153 1320 5217 Anatolii
1347 5153 1700 5235 constantinopolitani,
1730 5159 1762 5216 et
1787 5157 1876 5217 crae·

174 5260 245 5323 c'um
274 5265 395 5324 textum
423 5255 571 5336 Epistulae
599 5254 753 5328 Flaviani,
768 5272 840 5334 quae
855 5253 938 5333 typis
965 5252 1052 5314 dedit
1064 5252 1248 5327 Gotelerius,
1264 5268 1301 5313 ac
1328 5250 1583 5316 dissertationem
1609 5253 1740 5317 ioannis
1767 5252 1876 5316 ciam—

175 5357 241 5439 piui
269 5356 305 5418 de
333 5355 410 5418 eceb
430 5351 610 5416 correctione
637 5350 668 5411 fn
695 5368 825 5413 sermone
841 5351 895 5414 vll
925 5349 962 5412 S.
978 5349 1086 5411 Leonis
1112 5348 1148 5412 de
1174 5348 1341 5412 thsbrlcte
1364 5348 1496 5412 Democri.
1526 5351 1684 5414 Prmterea
1705 5369 1744 5413 ex
1772 5351 1880 5413 tribus

174 5472 248 5518 mss.
263 5452 442 5515 Barberiois
469 5448 679 5532 cpistolarum
707 5448 875 5521 variantes,
892 5466 972 5527 quas
987 5452 1096 5527 postea
1118 5448 1250 5529 accepit,
1267 5447 1298 5509 in
1313 5448 1397 5511 notis
1424 5448 1474 5510 vel
1488 5448 1522 5511 iu
1551 5449 1685 5531 postillis
1713 5467 1875 5513 nonnum·

209 5656 249 5733 (c)
265 5654 385 5728 Critiqce
395 5654 429 5713 dc
442 5655 472 5712 tc
484 5651 707 5727 bibliotheque...
723 5651 826 5726 parili.
841 5649 950 5726 Dupin.
963 5649 985 5709 l.
1000 5667 1031 5723 v,
1043 5667 1076 5723 u,
1087 5667 1114 5709 c.
1129 5652 1176 5710 to.
