4050 6175
244 299 305 361 5²3

598 297 638 359 ni
661 295 870 361 suenonis
891 298 924 359 s.
948 242 1091 358 saonis
1112 288 1236 357 ilioni
1258 290 1598 357 oasuaimiouiis.
1925 282 1934 348 i

209 486 211 491 ,
246 429 366 487 alesiam
390 430 600 486 adificatarum
616 431 770 557 qromittit,
784 434 812 486 et
823 431 964 486 adversus
979 444 1070 500 quam
1084 433 1109 499 Α
1126 429 1214 484 horret
1225 442 1288 498 erqo
1303 428 1442 497 (lispositie
1457 429 1628 493 veridicam
1642 428 1748 482 heatus
1764 424 1876 479 Petrus
1892 423 1927 477 iii

246 508 337 575 portes
351 502 435 557 inferi
451 519 509 559 non
525 518 619 574 prava
631 504 732 568 chnut,
746 502 815 574 quia
826 506 957 574 perpetua
971 508 1026 563 eit·
1042 504 1072 555 ot

245 578 280 629 ut
290 572 486 644 loquiturc.3,
493 576 653 646 trinitatem
661 578 756 646 petra,
764 574 922 644 qimautlis
933 573 1074 644 impulsio-

246 646 328 701 nibus
351 648 518 716 quateretur,
533 648 645 718 occepit,
662 649 702 701 ita
715 654 744 700 ut
759 661 820 699 caci
839 661 926 717 neque
946 644 1073 698 iteratim

247 732 379 787 unquam
402 732 579 788 perrumpere
605 719 799 789 praetereare
821 730 932 787 paquiie
954 715 1074 786 potuerit

247 803 378 859 superare
389 788 518 859 perfidie,
530 789 563 842 ln
581 787 717 844 eumdem
734 804 854 843 sensum
870 786 971 842 eadem
988 786 1076 841 rerba

248 858 1074 930 exponitserm.3(aunei),c.2et3,serm.60(nuncti‘2),

249 946 302 985 seu
318 930 353 985 de
367 934 449 985 Pasa.
459 930 504 996 ll,
514 946 540 984 c.
551 932 578 985 2.
593 930 766 986 »Hactenus
781 928 840 985 ille.
850 929 890 985 Ne
902 933 998 984 autem
1013 928 1076 983 huic

249 1000 533 1073 interpretatio,qua
540 1008 629 1072 petra²
642 1018 749 1056 nomen
764 1000 829 1069 fidei
845 1001 874 1055 iii
888 1002 968 1055 Petro
982 998 1077 1054 teude-

251 1076 288 1129 tae
302 1071 552 1141 accommodatas
565 1072 659 1128 lavere
671 1071 805 1127 credatur
833 1070 862 1127 ui
873 1070 1076 1127 testimonium

251 1142 369 1209 Christi,
377 1142 464 1214 Super
472 1144 543 1199 hanc
552 1143 810 1213 Petramaeititicuto
841 1144 967 1198 eclesiam
977 1158 1075 1207 meam,

253 1230 312 1270 non
328 1214 363 1269 de
379 1214 472 1281 Petro,
482 1214 533 1269 sed
548 1215 584 1269 de
596 1216 651 1269 tide
666 1218 853 1286 exponentes,
864 1214 900 1268 ad
914 1212 1079 1285 praerogati-

252 1301 304 1341 vas
319 1284 395 1341 Petri
410 1290 439 1341 ct
459 1300 662 1341 successorum
677 1287 741 1358 eius
756 1285 977 1340 constituendas
1001 1283 1078 1338 nihi·

255 1355 317 1412 lum
337 1355 482 1428 pertinere
504 1356 696 1426 contendunt,
713 1356 816 1412 Leonis
844 1372 927 1411 mens
950 1354 1079 1410 exactius

255 1426 428 1500 explicanda
442 1432 497 1483 est.

1126 508 1202 572 cepta
1225 501 1387 571 fortitudine
1403 508 1490 571 petrae
1531 513 1702 566 erseiieraiis,
1720 498 1864 567 suscepta
1892 494 1934 549 Eri

1127 574 1178 628 sie
1190 572 1378 641 quteriiacuta
1395 587 1450 627 aaa
1475 517 1598 642 reliquit,
1609 566 1829 625 consonantia
1857 565 1934 619 aliar

1127 644 1247 697 Patrem
1271 643 1440 697 testimonia
1454 659 1608 714 possemus
1624 642 1748 706 alicrre,
1768 654 1843 710 quie
1871 636 1905 690 in
1933 676 1934 683 ί

1128 719 1254 769 tractatu
1269 713 1437 784 aliquando,
1450 714 1474 768 si
1485 714 1543 769 Deo
1556 711 1714 785 placuerit,
1727 709 1857 766 edendo
1870 707 1934 763 coll

1130 802 1206 840 mus.
1218 785 1273 840 Sed
1290 785 1377 840 unius
1393 785 1496 840 Leonis
1507 783 1686 840 sententiam
1703 781 1760 837 hic
1778 779 1905 852 aperire
1921 797 1934 833 c

1130 855 1229 912 silium
1246 856 1310 911 luit.
1323 855 1388 910 llaec
1402 862 1500 911 autem
1523 854 1668 911 sententia
1686 856 1857 924 quantum
1874 850 1915 905 ad
1933 850 1934 904 ἶ

1130 944 1223 983 mana
1240 927 1318 982 sedis
1335 927 1549 1053 (prerogativae
1572 924 1817 983 constituendas
1842 922 1919 979 conl
1932 964 1934 967 -

1130 1014 1215 1055 namo
1232 1015 1289 1057 non
1304 997 1331 1053 vi
1355 1003 1393 1054 et.

1397 1096 1434 1151 lN
1454 1096 1622 1152 SElillONE
1643 1094 1694 1150 lV.

1133 1184 1204 1254 Quid
1217 1187 1268 1240 lec
1292 1185 1460 1240 intellexerit
1482 1186 1524 1240 tiis
1547 1184 1636 1239 cerdis
1649 1200 1718 1255 cap.
1737 1182 1769 1237 3.
1788 1181 1898 1236 Manet
1924 1196 1934 1234 o

1164 1256 1244 1338 ,Petri
1267 1255 1461 1339 priuilegium,
1486 1256 1665 1337 ubicumque
1693 1271 1733 1309 ex
1761 1252 1869 1335 ipsius
1900 1252 1934 1333 ici

1169 1332 1304 1398 nequitate
1313 1327 1470 1398 judicium.
1482 1325 1622 1395 accincta
1632 1331 1794 1381 cunetatio
1804 1323 1934 1394 eapeiidi

1171 1426 1195 1479 1.
1209 1424 1240 1478 In
1251 1425 1429 1497 descriptum
1443 1423 1646 1479 testimonium
1660 1421 1731 1477 heac
1744 1418 1934 1485 Ouesnellus

289 1504 317 1553 2.
331 1499 402 1554 Cani
414 1499 443 1553 S.
455 1498 585 1570 pontifex
597 1501 714 1569 petierit,
730 1514 819 1569 supra
838 1513 925 1569 quani
947 1496 1080 1551 Christus
1134 1495 1253 1551 notavit.
1270 1519 1279 1543 i
1294 1497 1365 1550 'Pani
1377 1496 1524 1568 egregiam
1536 1494 1732 1561 sententiani,
1747 1493 1808 1547 etsi
1822 1490 1934 1546 multoc

255 1569 457 1626 sclicclesiani
482 1570 693 1625 aditicuturam
715 1568 860 1640 promisit,
872 1567 1024 1640 explicarit
1046 1567 1081 1621 de
1132 1562 1934 1639 janiohseri'atioiiihusillustratammutioinstitutina

257 1642 314 1695 tide
329 1657 380 1696 seii
396 1639 432 1696 de
444 1640 589 1696 soliditate
599 1643 663 1712 ejus
678 1640 851 1711 fidei,quuni
863 1641 939 1695 idem
949 1638 1082 1693 Christus
1137 1656 1194 1694 non
1206 1638 1315 1710 politur
1328 1644 1359 1692 iit
1371 1639 1507 1693 intactam
1521 1638 1811 1709 pretermittamus.
1826 1634 1934 1704 Postqi:

257 1711 387 1767 laudavit
402 1713 430 1766 iii
448 1712 545 1779 Petr03
562 1729 620 1767 non
645 1713 731 1766 sideni
749 1712 776 1765 iii
793 1727 971 1783 generense
987 1710 1082 1791 priva·
1138 1710 1219 1766 initio
1235 1711 1338 1781 capitis
1355 1710 1480 1764 asseruit
1500 1709 1528 1763 S.
1541 1709 1595 1763 Leo
1611 1706 1785 1761 malificium
1807 1708 1839 1760 in
1858 1706 1926 1760 iidei

256 1783 415 1839 tamfidem
424 1782 643 1849 Petri‚sedeiini
655 1780 1081 1865 tidemqiianiilleprcediciivit,
1099 1807 1122 1872 B
1139 1781 1241 1835 mitate
1263 1798 1313 1851 pai
1337 1782 1454 1835 Petrum
1478 1786 1594 1835 assertae
1620 1794 1830 1850 consurgere,
1849 1781 1877 1830 et
1904 1776 1934 1829 hi

259 1856 403 1926 caiusque
412 1853 578 1926 depositam
590 1854 620 1909 in
637 1854 768 1909 Romana
782 1854 850 1908 sede
866 1852 993 1924 reliquit,
1005 1858 1033 1907 et
1048 1851 1084 1907 ad
1140 1851 1332 1907 consessionis
1343 1851 1451 1906 intuitu
1463 1851 1599 1906 traditam
1612 1849 1712 1905 eidem
1726 1864 1800 1905 csse
1812 1853 1934 1921 potesta

259 1942 444 1981 successores
469 1924 532 2051 μοιτί
556 1924 713 1980 soliditatis
737 1924 886 1998 privilegio
911 1922 1084 1990 transmisit,
1140 1922 1187 1977 his
1201 1923 1297 1977 vorhis
1312 1922 1506 1994 significatam
1520 1940 1526 1977 :
1540 1923 1597 1977 Titii
1611 1922 1681 1976 dolio
1698 1921 1800 1977 clares
1817 1921 1902 1989 requi
1915 1936 1934 1972 ci

261 1997 387 2052 Leonem
412 1994 472 2051 inte
485 1995 594 2061 lixisse,
619 1995 850 2067 exploratissima
876 1996 1085 2051 ostendemus:
1141 2012 1213 2061 cciiii,
1230 1998 1284 2048 etc.
1297 1995 1400 2061 (neira
1416 2011 1473 2059 xvi,
1487 1994 1544 2061 tii);
1560 1992 1722 2064 subjungit
1749 2008 1816 2046 non
1837 1989 1894 2045 soli
1909 1989 1934 2043 ii

260 2067 330 2124 hinc
345 2071 442 2123 autem
458 2067 569 2139 patebit
581 2083 669 2138 quam
683 2071 797 2139 patrum
809 2073 941 2121 accurate
952 2064 1088 2132 Quesnel·
1141 2066 1254 2126 datum,
1266 2066 1314 2118 sed
1329 2064 1469 2119 transisse
1480 2066 1565 2119 etiam
1578 2063 1607 2117 in
1620 2063 1782 2136 apostolos
1792 2064 1849 2133 jas
1861 2068 1934 2133 potes

260 2137 309 2194 lus
318 2138 347 2193 in
360 2137 477 2210 postilla
486 2138 620 2210 apposita
627 2139 834 2203 serm.ti5,e.2,
844 2138 1006 2208 generalem
1019 2135 1089 2192 scri·
1142 2137 1180 2191 tis
1195 2133 1297 2191 istius:
1310 2136 1374 2190 ideo
1389 2141 1486 2190 tamen
1503 2135 1586 2189 Petro
1597 2133 1805 2207 singulariter
1821 2132 1934 2187 intimat

262 2210 354 2283 pserit
365 2227 371 2264 :
384 2210 476 2273 Petra,
492 2226 576 2281 supra
589 2225 672 2280 quum
684 2208 836 2280 certificatur
850 2209 978 2273 Ecclesia,
995 2214 1020 2263 et
1037 2207 1087 2261 oct·
1143 2224 1217 2276 esse,
1229 2212 1262 2262 ut
1275 2207 1304 2261 in
1322 2224 1380 2262 uno
1399 2208 1544 2262 discerent
1559 2222 1662 2261 omnes
1688 2204 1838 2260 Ecclesia
1861 2208 1934 2259 recto

261 2297 355 2338 versus
370 2297 453 2352 quom
465 2282 592 2352 insanus
607 2296 661 2335 ηοη
676 2282 817 2350 prosaici,
832 2290 871 2338 cst
884 2280 972 2335 solida
986 2279 1061 2349 fides.
1143 2279 1212 2350 quid
1224 2277 1279 2334 sibi
1296 2282 1373 2333 esset
1387 2278 1541 2341 creditum,
1553 2281 1581 2332 et
1592 2277 1694 2333 omnis
1711 2276 1796 2332 Petri
1812 2276 1934 2345 lorniap

296 2351 589 2407 autumationum
611 2368 628 2406 a
649 2351 731 2406 Petro
748 2351 934 2424 predicatum
954 2352 1031 2407 2¹62
1055 2366 1089 2405 ex
1143 2355 1310 2422 poneretur.
1323 2350 1491 2405 Sicutenini
1503 2365 1555 2420 pro
1566 2348 1711 2404 omnihus
1724 2347 1934 2403 confessiones

263 2423 368 2479 laconis
379 2426 476 2478 mente
492 2422 689 2494 accipiendam
705 2439 780 2484 esse,
795 2423 873 2477 idern
915 2422 1023 2477 ontit'ex
1038 2438 1088 2494 pa·
1144 2422 1189 2476 dei
1201 2419 1544 2491 emiseratopostolorum
1558 2419 1712 2491 princeps,
1727 2422 1759 2474 ct
1769 2434 1877 2474 omnes
1894 2416 1921 2470 in

263 2494 322 2550 lani
339 2494 510 2567 pronuntiat
524 2492 643 2549 laudato
659 2510 747 2549 scrin.
758 2497 803 2559 62,
815 2512 840 2549 c.
852 2497 879 2549 5.
891 2440 999 2549 διηοοο
1010 2492 1088 2548 οηίηι
1143 2497 1172 2548 et
1187 2510 1237 2564 per
1252 2493 1336 2546 illurn
1352 2491 1576 2564 responderant3
1598 2490 1639 2546 ita
1654 2495 1685 2545 et
1703 2507 1760 2561 pro
1778 2489 1921 2546 omnihus

263 2565 411 2638 apostolos
427 2566 545 2621 Petram
557 2570 613 2621 Deo
628 2564 773 2620 revelante.
790 2566 817 2619 in
834 2565 1012 2636 professione
1024 2563 1090 2618 tidei
1131 2568 1279 2619 testatem
1303 2563 1426 2618 clavium
1443 2562 1564 2634 accepit,
1579 2567 1608 2616 et
1628 2578 1741 2616 omnes
1767 2561 1800 2617 in
1824 2560 1875 2615 illo
1890 2574 1922 2613 ac

262 2637 438 2710 prevenisse
452 2637 590 2702 affirmat,
605 2640 634 2691 ut
652 2636 687 2691 ad
711 2640 830 2705 reqimcri
856 2638 938 2690 totius
963 2636 1091 2691 Ecetesiee
1144 2633 1227 2689 illurn
1244 2641 1425 2706 acceperunt.
1439 2634 1513 2689 ilinc
1528 2650 1646 2688 rursum
1662 2633 1736 2701 leo,
1751 2633 1834 2688 sieut
1849 2628 1934 2686 emnil

259 2712 441 2780 preparatus,
450 2709 574 2778 primum
588 2706 700 2762 disceret
712 2706 782 2778 qnod
795 2706 909 2773 doceret,
922 2709 947 2760 et
960 2722 1009 2777 pro
1023 2705 1088 2761 soti·
1144 2722 1331 2761 communem
1346 2709 1529 2778 potestatem,
1547 2704 1588 2758 ita
1600 2708 1628 2758 et
1651 2720 1825 2759 commune
1848 2700 1934 2758 omnil

262 2779 347 2833 ditate
360 2778 435 2847 fidei,
446 2794 527 2838 ouen
548 2794 622 2831 arim
647 2793 882 2841 rnnuiciruaus,
906 2777 1016 2831 audiret
1027 2795 1038 2831 :
1054 2777 1090 2830 lii
1144 2776 1341 2857 privilegiam,
1354 2782 1471 2847 excepto
1491 2776 1635 2848 primatus
1655 2774 1777 2831 honore
1793 2774 1846 2847 (e),
1861 2788 1934 2829 assei

263 2864 291 2904 ei
309 2851 414 2914 Petrus,
430 2850 457 2902 et
470 2863 551 2918 super
566 2846 636 2902 hanc
652 2860 756 2919 petram
777 2847 918 2917 trectificatio
943 2848 1090 2902 Ecclesiam
1144 2847 1275 2918 illudque
1291 2848 1365 2902 Petri
1382 2846 1564 2920 privilegium
1580 2862 1714 2913 manere,
1730 2844 1911 2915 ubicumque
1926 2847 1935 2896 t

263 2925 500 2999 mcum,·et·portae
510 2920 658 2989 insertion
675 2918 863 2990 peccabunt
876 2918 1005 2973 adeerias
1017 2936 1087 2974 cam.
1144 2935 1244 2973 reruni
1268 2935 1319 2989 per
1338 2918 1490 2990 episcopos
1510 2917 1715 2999 apostolorum
1733 2931 1930 2977 successores,

265 2990 307 3045 Ea
322 2988 500 3044 soliditatem
512 2994 541 3043 et
556 3004 662 3044 nomen
679 2997 778 3060 petra,
790 3005 879 3060 super
893 3005 982 3061 quam
998 2989 1089 3044 udill-
1144 2988 1219 3044 Petri
1231 2991 1321 3044 l‘ertur
1333 2989 1468 3060 equitate
1477 2989 1637 3059 judiciuni;
1650 3005 1686 3043 ae
1702 2989 1833 3061 proinde
1847 3002 1903 3041 non
1918 3001 1934 3038 n

266 3060 360 3117 canda
370 3064 432 3116 erat
447 3057 582 3125 Ecclesia,
593 3063 621 3116 et
636 3059 776 3116 adversus
786 3076 873 3132 quain
899 3065 989 3134 porta
1004 3059 1089 3117 interi
1145 3077 1212 3117 nere
1225 3060 1301 3116 Petri
1312 3060 1495 3134 privilegium
1506 3060 1687 3132 ubicumque
1699 3078 1762 3118 non
1772 3077 1810 3117 ex
1820 3057 1913 3141 ipsius
1923 3056 1934 3108 l

266 3148 325 3188 non
362 3130 548 3198 revelabant,
560 3131 586 3186 ei
602 3131 668 3185 fidei
685 3131 797 3198 tribuit,
811 3149 893 3203 quem
915 3132 1017 3188 Petras
1031 3137 1091 3189 erut
1105 3169 1126 3238 c
1144 3133 1337 3204 turaquitate
1346 3133 1504 3203 judiciam.
1517 3133 1736 3201 Quaseiiteiitin,
1749 3133 1850 3203 inquit
1862 3130 1934 3184 Fran

264 3217 326 3331 ἔνη
346 3204 514 3283 trutanam
526 3218 615 3274 qaum
626 3202 809 3273 predicando
821 3203 1018 3259 edificaturus
1028 3209 1091 3259 erat
1146 3220 1211 3258 runi
1229 3220 1276 3259 rex
1291 3204 1411 3259 Carolus
1426 3203 1531 3258 Calvus
1549 3203 1578 3257 in
1593 3202 1723 3275 epistola
1740 3200 1889 3258 Hinemari
1906 3197 1934 3252 ltl

291 3274 438 3330 eclesiam.
448 3273 488 3329 Ne
498 3290 564 3330 vero
577 3281 661 3346 petre
672 3291 778 3330 nomen
794 3273 861 3330 hinc
877 3275 1024 3330 adimatur
1040 3275 1092 3331 Pe·
1146 3275 1256 3331 niensis
1272 3278 1346 3347 stylo
1372 3279 1499 3341 exarata,
1509 3279 1613 3330 coiistut
1627 3276 1697 3345 quiri
1713 3292 1772 3330 non
1794 3279 1886 3328 maniaci
1904 3271 1934 3324 i'c

267 3351 323 3415 tro,
336 3347 372 3401 oli
388 3345 464 3401 hanc
488 3345 555 3401 sidet
583 3345 772 3416 praedicanda
798 3346 973 3401 soliditatem
994 3347 1092 3418 ipsum
1144 3342 1932 3419 prioiteqi'um,iiliiceipsiusrqaitutcrecnserturjiidi'riu

267 3432 385 3491 quoque
398 3419 516 3473 Petram
527 3423 634 3488 petrum
649 3418 841 3473 constitutam
853 3419 959 3473 Auctor
968 3422 1094 3472 testatur
1147 3418 1214 3472 Cuia
1228 3419 1302 3472 eiiim
1319 3417 1496 3489 ubicumque
1508 3416 1621 3482 dicitur,
1633 3418 1724 3473 sicuti
1732 3417 1831 3472 nuilus
1846 3416 1923 3474 iocus,

266 3504 355 3545 serm.
367 3490 425 3554 l,c.
436 3488 518 3543 aste
529 3488 607 3543 enim
618 3487 765 3543 Christum
780 3486 947 3560 loquentem
959 3488 1090 3544 inducit:
1146 3505 1225 3545 aerico
1234 3491 1321 3543 rector
1332 3489 1458 3544 Ecclesia
1471 3504 1505 3543 cr
1515 3490 1591 3543 Petri
1599 3490 1737 3559 acquitate
1748 3487 1887 3559 judiciuin
1901 3479 1934 3535 Δί

268 3561 304 3615 Tu
320 3571 423 3633 quoque
446 3562 525 3632 petra
539 3575 577 3627 es,
594 3562 660 3630 quia
685 3576 746 3615 inea
774 3561 873 3616 virtute
900 3560 1043 3626 solidaria
1060 3576 1092 3615 ac
1145 3563 1236 3631 fereris
1250 3561 1396 3630 excipitur,
1408 3560 1449 3615 vel
1459 3567 1552 3616 contre
1567 3559 1645 3614 iltius
1660 3562 1829 3643 aequitatem
1840 3555 1934 3629 protae

265 3635 420 3705 propterea
435 3647 493 3687 non
509 3635 572 3687 tam
586 3632 674 3686 fidem
690 3632 776 3696 Petri,
788 3648 876 3702 quani
892 3632 1028 3687 eamdem
1045 3631 1093 3686 Pe·
1145 3630 1360 3687 coninieudntur.
1373 3633 1404 3686 Et
1419 3632 1481 3701 quin
1495 3631 1657 3701 ubicumque
1672 3648 1737 3686 sine
1749 3630 1811 3685 utto
1824 3625 1934 3695 receptio

265 3711 344 3759 trum
360 3702 501 3760 scholica
516 3702 583 3773 fidei
599 3706 706 3773 petrem
719 3707 802 3757 vocat
816 3719 861 3774 ep.
875 3703 936 3771 iia,
949 3703 985 3757 ad
1002 3702 1092 3758 Maxi·
1145 3717 1200 3757 ηοη
1215 3706 1306 3757 ηηιηοί
1320 3703 1398 3758 Petri
1410 3702 1596 3773 priiiiteqium,
1613 3702 1661 3756 uti
1682 3719 1720 3759 eu
1744 3695 1934 3773 ipsiusmodi

265 3790 348 3831 mum
363 3772 588 3839 Antiochenam,
604 3789 629 3828 c.
645 3775 672 3827 2.
1145 3789 1202 3828 riori
1214 3775 1304 3844 sertia
1313 3773 1461 3846 judicium,
1477 3773 1653 3828 ohcuitiemus
1662 3776 1787 3844 jussum,
1804 3769 1844 3826 oct
1862 3766 1934 3833 recipi

301 3846 327 3899 l.
340 3847 412 3900 Cani
422 3859 489 3920 iero
499 3842 576 3898 idem
587 3843 690 3898 Petrus
701 3843 790 3912 hujus
807 3841 872 3897 fidei
884 3841 1049 3915 depositam
1061 3843 1091 3899 iii
1146 3861 1206 3899 mas
1217 3845 1364 3916 judicium,
1376 3844 1445 3914 quod
1460 3861 1515 3899 ηοη
1530 3860 1564 3898 cr
1579 3844 1654 3898 Petri
1667 3861 1696 3901 a?
1717 3846 1806 3900 uitctc
1817 3837 1897 3912 suerit
1906 3848 1934 3905 pr

265 3915 398 3970 Romana
422 3913 551 3969 Ecclesia
569 3928 603 3968 ac
627 3914 695 3968 sede
715 3914 904 3985 potissimum
930 3912 1091 3995 reliquerit,
1146 3915 1244 3980 tatum,
1256 3932 1288 3969 nc
1303 3932 1355 3987 per
1368 3917 1417 3970 lice
1432 3917 1517 3986 ipsius
1540 3916 1676 3984 irivi'lcqio
1690 3861 1781 3986 puerit
1801 3909 1934 3967 resciretur

267 3984 521 4065 transmiseritque
529 3984 565 4065 ad
575 3999 758 4064 successores
766 3984 912 4039 Romanos
922 3985 1091 4056 pontificem
1145 3987 1244 4057 (Epist.
1262 3986 1354 4042 Caroli
1369 3987 1455 4054 Cetei,
1470 3985 1506 4041 od
1521 3932 1674 4040 idiionuiri
1690 3988 1736 4048 P.,
1754 3988 1827 4041 inter
1845 3980 1934 4035 liincmi

264 4053 685 4118 eamdemtidcisoliditatem,
717 4055 870 4110 uaet'aitin
887 4055 1021 4118 Petraia
1038 4056 1092 4112 hac
1146 4059 1241 4112 ricinus
1255 4058 1305 4112 alt.
1318 4058 1466 4124 editionis).
1479 4058 1518 4112 ild
1533 4058 1636 4112 eadem
1650 4053 1856 4113 Leonisverhn
1868 4045 1934 4104 alui

264 4124 701 4192 Ecclesia,etinsuccessoribus
730 4126 781 4180 etri
793 4126 929 4197 peculiari
939 4126 1089 4200 privilegio
1146 4129 1176 4182 in
1193 4128 1712 4200 synodo'lricassinaanni878idein
1726 4128 1934 4183 Hineniarusne

264 4198 966 4323 [creaverarsetperseveraturaniusqueadtinem
977 4198 1092 4264 mundi,
1147 4216 1203 4255 non
1219 4197 1309 4254 etalii
1330 4199 1457 4271 episcopi
1480 4198 1631 4264 Gallicani,
1642 4200 1693 4271 qui
1717 4194 1934 4255 confirmauiat

288 4284 321 4350 eo
336 4273 434 4350 aperte
445 4267 547 4404 qrodit
560 4266 597 4322 iis
610 4267 705 4324 verbis
720 4284 808 4322 serm.
819 4270 846 4335 3,
861 4284 885 4323 c.
903 4272 921 4322 2
937 4286 943 4323 :
961 4270 1091 4325 soliditas
1145 4276 1211 4325 voto
1226 4270 1348 4327 loannis
1363 4287 1444 4342 papa
1461 4269 1532 4334 i'lil,
1549 4271 1579 4325 in
1595 4272 1709 4342 synodo
1731 4263 1886 4342 presentis,
1897 4271 1934 4334 cni

167 4347 169 4352 “
264 4355 339 4395 enim
354 4339 432 4394 iltius
461 4338 519 4403 ηίοὶ,
530 4353 592 4410 qua
606 4340 637 4393 iii
651 4339 834 4409 apostotorum
844 4341 968 4411 principe
979 4342 1017 4395 esi
1031 4342 1092 4396 tau·
1146 4342 1362 4397 demnationeni
1380 4341 1525 4397 Lamberti
1543 4341 1679 4396 Romania
1699 4337 1832 4397 Ecclesia
1847 4333 1934 4410 inimic·

264 4410 340 4478 duta,
353 4413 485 4482 perpetuu
498 4418 537 4465 est
552 4427 561 4464 :
576 4413 602 4464 ct
615 4412 685 4464 sieut
697 4417 839 4480 permanet
855 4411 968 4481 quodie
986 4412 1092 4468 Christo
1143 4414 1288 4485 priiiiteqi'o
1311 4413 1381 4467 beuti
1404 4414 1480 4467 Petri
1499 4417 1525 4467 ct
1548 4413 1617 4467 seclis
1640 4409 1853 4484 apostatarant
1874 4412 1934 4474 niun

264 4483 360 4537 Petrae
373 4482 500 4554 credidit,
516 4483 555 4537 ite
578 4490 721 4563 percueret
733 4481 803 4552 queit
818 4483 848 4536 iii
867 4484 946 4536 Petro
968 4483 1091 4538 Christus
1146 4466 1934 4556 excommnnicati,istndprivilegiumetaeqaitatemsedt

264 4554 393 4609 instituit.
407 4552 536 4609 institnit
559 4553 699 4607 nimirum
724 4552 856 4608 Christus
877 4555 988 4624 atejus
1005 4555 1089 4623 fides,
1105 4539 1128 4602 li
1145 4554 1308 4626 apostolica
1323 4554 1508 4626 interpretari
1523 4555 1658 4611 videntur
1676 4555 1713 4610 de
1731 4548 1841 4624 jndicio
1856 4537 1934 4615 proltl

264 4637 455 4704 superquam
469 4623 1090 4686 edificandaeratEcclesiaadeoessetso
1136 4629 1224 4697 jecete
1251 4642 1340 4681 succos
1368 4641 1483 4680 ηηηοηοο
1498 4627 1603 4697 Spiritu
1620 4628 1669 4681 Dei
1687 4624 1807 4681 emidites
1833 4618 1856 4673 et
1880 4617 1934 4665 tolia

264 4693 334 4764 lida,
346 4699 378 4748 ut
389 4695 529 4750 adversas
540 4694 620 4750 illam
637 4695 721 4749 inseri
733 4701 821 4766 porte
833 4712 889 4751 non
902 4695 1090 4766 praevalerent
1143 4698 1241 4752 iiiuiieti'
1264 4701 1415 4753 reuerentia
1438 4701 1623 4762 consecrcitoa,·
1637 4704 1665 4752 et
1690 4698 1805 4756 iterum,
1820 4679 1934 4743 sec-cintii

263 4766 501 4836 umquam,quoii
511 4766 578 4820 fidei
594 4765 770 4821 soliditatem
783 4771 943 4838 perpetuam
955 4767 1087 4838 requirit.
1143 4769 1839 4840 Scriptiirarumtriimitcrii,secrcriioiqiiecanonum
1845 4750 1934 4810 decttffl

263 4836 318 4900 Qui
329 4839 426 4890 autem
441 4835 515 4890 hanc
528 4837 594 4891 tidei
611 4836 788 4891 soliditatem
798 4837 920 4919 perinde
932 4838 1089 4894 aitirmaiit
1142 4839 1214 4895 Vide
1229 4840 1345 4895 Petrum
1362 4840 1397 4895 de
1420 4840 1516 4895 hlarca
1540 4838 1601 4895 heac
1625 4839 1721 4894 insius
1743 4822 1934 4908 prosequentin

259 4914 429 4988 perpetuum,
443 4923 506 4961 eain
522 4909 649 4988 prolecto
664 4924 722 4962 non
744 4908 866 4963 desiisse
881 4909 910 4962 in
929 4909 1019 4970 l'etro,
1037 4912 1086 4964 sed
1142 4909 1217 4964 lihro
1228 4928 1257 4964 iv
1273 4911 1308 4964 dr.
1325 4910 1482 4964 Concordia
1499 4910 1652 4966 sacerdotii
1665 4915 1694 4965 et
1707 4902 1818 4978 imperii
1827 4891 1904 4982 'cal-6
1916 4887 1934 4939 ⁰¹

262 4995 292 5032 in
309 4993 495 5034 successores
510 4993 574 5046 equs
589 4978 732 5033 transisse
747 4981 864 5049 agnoiit
880 4997 886 5034 :
905 4982 981 5034 iiiiile
998 5000 1085 5036 seria.
1142 4987 1187 5036 it.»
1199 4983 1241 5037 lta
1255 4982 1437 5045 Quasiiellus,
1453 4983 1500 5036 uhi
1522 4983 1577 5036 suh
1601 4983 1690 5036 tinem
1706 4981 1735 5036 S.
1752 4984 1848 5031 teonis
1868 4957 1934 5036 nerlii

261 5051 289 5117 5,
306 5066 331 5104 c.
348 5050 374 5116 l,
396 5049 436 5104 ait
461 5067 467 5104 :
494 5049 622 5104 Soliditcis
650 5050 724 5103 enim
750 5051 810 5119 illc,
838 5067 920 5122 quain
949 5052 982 5106 dc
1008 5056 1087 5123 petro
1141 5053 1170 5107 in
1187 5069 1240 5108 sua
1256 5054 1353 5125 potius
1368 5069 1456 5124 quain
1467 5051 1497 5106 in
1515 5053 1544 5108 S.
1557 5052 1702 5124 pontilicis
1716 5040 1934 5114 mentemsensiiu

263 5122 373 5177 Christe
387 5123 471 5175 etiam
492 5121 547 5189 ipse
570 5120 695 5192 (Petrus)
718 5130 795 5191 petru
817 5125 905 5192 saetas
927 5127 1040 5194 acepit,
1056 5126 1084 5178 ia
1141 5123 1301 5190 inflectens,
1314 5141 1348 5178 ea
1361 5123 1424 5180 sola
1437 5123 1569 5196 ipsoram
1580 5123 1774 5179 Romanorum
1790 5102 1934 5187 pontificum

261 5208 441 5264 auosqucque
463 5191 540 5247 1¹68
564 5207 593 5245 se
621 5193 789 5263 transfundit
817 5192 945 5248 heredes.
964 5196 993 5248 ln
1020 5193 1086 5251 illos
1135 5195 1410 5268 judiciaprivilegio
1424 5200 1452 5249 et
1463 5194 1598 5266 equitate
1614 5195 1690 5251 Petri
1704 5189 1872 5265 graderere
1885 5171 1934 5224 lim

261 5263 371 5320 scilicet
386 5262 513 5318 heredes
523 5263 673 5318 transfusa
687 5268 740 5332 est,
752 5263 781 5318 in
795 5265 903 5336 quibus
914 5264 1029 5319 Petram
1046 5265 1086 5320 vi·
1140 5284 1205 5322 esse
1220 5267 1360 5330 insinuet,
1372 5283 1435 5337 quei
1456 5266 1492 5321 ad
1509 5282 1655 5322 canonum
1670 5273 1798 5320 normam
1812 5245 1931 5306 seronior·

259 5340 371 5400 verast
383 5333 541 5390 Ecclesiam
557 5334 653 5389 adhuc
672 5351 769 5406 regere
785 5352 817 5390 ar
832 5337 935 5391 docere
950 5335 1084 5407 pluribus
1139 5338 1200 5393 Hac
1211 5343 1308 5393 autem
1318 5343 1377 5392 tam
1389 5335 1530 5409 prolixam
1540 5338 1757 5393 annotationem
1767 5321 1931 5393 eolori09⁰¹¹'

259 5404 288 5458 in
301 5404 731 5471 locisinelioat.Ouareserm.3,
741 5422 764 5460 c⁴
775 5407 802 5472 3,
812 5405 988 5462 soliditatem
998 5411 1083 5478 petra
1138 5408 1205 5465 silio
1221 5407 1364 5481 perduxit,
1380 5413 1413 5464 ut
1428 5408 1484 5464 Leo
1499 5409 1571 5480 ipse,
1584 5407 1640 5464 hoc
1659 5396 1819 5464 testimonio
1833 5375 1930 5461 perusie

257 5490 374 5546 semper
392 5481 624 5548 perseverantem
650 5477 734 5531 heato
749 5478 832 5532 Petro
858 5477 1001 5544 tribuens,
1017 5478 1058 5533 ait
1075 5496 1081 5535 :
1137 5480 1287 5553 explicata,
1300 5481 1393 5535 lavere
1408 5479 1554 5535 videretur
1567 5480 1604 5537 iis
1619 5497 1682 5552 qure
1697 5478 1817 5534 statuere
1830 5451 1928 5514 inediti¹

1136 5622 1251 5686 butum,
1260 5622 1325 5693 ipen
1334 5620 1484 5677 Gallicana
1493 5620 1622 5677 Ecclesia
1634 5635 1698 5677 cum
1710 5607 1836 5673 omnibus
1846 5588 1924 5667 cothe-

1135 5692 1200 5747 licis
1211 5694 1304 5748 docet.
1317 5692 1421 5748 Conier
1433 5697 1494 5748 not.
1506 5691 1541 5747 29
1554 5692 1582 5747 iii
1595 5709 1681 5748 serm.
1692 5691 1733 5742 82.
1745 5659 1921 5774 Οοηιμοοοίιηέ

1135 5766 1174 5818 ris
1190 5766 1335 5835 primatus
1352 5768 1480 5836 potestas
1496 5764 1591 5835 quoad
1615 5764 1708 5836 ipsum
1727 5758 1774 5827 jus
1796 5732 1910 5871 ligandis

292 5615 513 5698 (raeddendum
532 5622 557 5673 et
571 5617 792 5688 ,iurisdictionis
803 5634 899 5699 neque
913 5619 991 5674 enim
1008 5621 1081 5677 meri

254 5685 443 5766 honoris,sed
460 5689 604 5758 principue
619 5688 707 5744 etiam
714 5689 931 5759 jurisdictionis
943 5708 975 5745 ac
988 5696 1082 5763 potes-

255 5756 324 5812 tatis
335 5756 399 5810 aliis
408 5755 548 5826 apostolis
559 5757 786 5830 haudquaquam
796 5763 963 5816 communis
975 5763 1081 5834 prinia-

254 5832 319 5886 tutu
330 5825 413 5886 reiro
424 5842 456 5884 ac
467 5829 686 5890 successorihus
699 5831 763 5906 ejus
777 5831 918 5892 iiChristo
928 5832 1020 5891 tuisse
1030 5834 1080 5892 tri·
1829 5811 1836 5867 ἰ
1844 5806 1916 5864 ῙΟΜ

1134 5835 1264 5894 soluendi
1277 5835 1307 5893 in
1318 5834 1570 5910 queritantem
1582 5835 1681 5894 isthic
1691 5828 1809 5888 disseres
