4050 6175
338 339 396 405 tot
596 335 795 402 aerenum
809 338 866 402 ἈΒ
886 336 1041 404 Palmati
1058 338 1224 403 PARTEM
1246 332 1621 402 assentiabamus
1644 334 1762 403 bedul.
1833 373 1842 394 .

338 469 496 533 salutiferis
508 466 624 544 quoque
636 485 745 540 vacua,
759 470 878 527 incauta
891 468 1074 528 districtione
1090 470 1158 528 deb·
1172 477 1200 546 Α
1214 468 1243 526 ia
1260 469 1348 528 fetere
1363 466 1483 527 luxuriae
1496 468 1640 527 nutriunt.
1652 468 1745 527 Contra
1754 471 1885 553 quesnelio

338 546 426 603 ciant.
438 544 510 608 Ouia
525 541 615 625 igitur
628 549 729 615 pastor
744 548 869 599 nestero
884 543 1042 599 mortiferis
1056 560 1158 599 carna·
1215 546 1310 599 lacere
1335 559 1424 614 quam
1441 558 1534 614 pauca
1548 541 1654 598 dicere.
1672 541 1832 599 Nooenrmad
1842 544 1885 601 dila

338 616 411 672 lium
421 614 633 671 desideriorum
645 615 762 686 pascuis
777 631 831 670 nos
844 614 1023 686 prohibendo
1036 620 1158 681 coercet,
1217 614 1401 670 dumsteerri
1426 613 1653 669 iendumeorum
1662 611 1765 669 mortale
1776 615 1885 686 periculur

337 687 373 744 ad
383 686 593 758 salutariajam
605 685 694 741 vireta
706 687 767 757 spei
780 693 885 741 nostrae
895 686 1161 756 eratulrelaxat.ait
1215 702 1246 739 cn
1255 686 1342 739 verba
1351 683 1783 756 suttreiunucontraquescetum
1792 689 1881 742 atterra

337 757 432 814 enim:
446 761 501 813 Per
510 758 733 813 resurrectionem
743 758 807 813 Iesu
818 756 918 811 Christi
932 773 967 812 es
978 759 1161 829 mortuisque
1215 755 1263 811 iria
1277 756 1421 811 elementa
1436 755 1635 810 damnationis
1650 755 1822 811 testimonium
1838 760 1885 829 prol

335 831 498 885 uocauitoos
509 829 731 900 inspemoiuom,
746 829 775 882 in
790 827 980 884 hereditatem
995 829 1161 884 irrcoatcrui-
1215 827 1297 882 Nunc
1313 843 1381 899 erge
1392 831 1572 882 eontraossa
1582 826 1663 881 arida
1675 826 1883 898 lequidcsistimns

336 904 464 955 oraturuot
474 899 729 954 immarcescibilem
736 908 923 954 conseruatori
933 900 963 954 in
970 900 1074 971 caeliam
1085 905 1159 955 Patr.
1214 915 1275 956 ves.
1294 898 1396 952 iratres
1419 897 1487 964 mei,
1503 898 1552 968 qui
1570 897 1599 952 in
1611 897 1720 953 Christo
1732 898 1818 964 vivitis,
1831 898 1885 972 linga

337 989 355 1036 ι,
367 972 405 1041 3).
418 971 509 1026 Voces
520 986 588 1042 ergo
599 970 730 1025 custodis
745 969 837 1025 nostri
850 970 926 1025 beati
937 972 1014 1026 Petri
1026 970 1159 1041 apostoli,
1218 974 1284 1025 stre
1302 969 1441 1040 passibus
1453 971 1617 1024 redeamus.

336 1042 441 1098 iratres
453 1040 738 1106 charissimi,erectis
752 1041 881 1096 cordium
894 1042 1016 1096 auribus
1027 1042 1161 1099 intendu-
1254 1042 1320 1095 Gar.
1330 1040 1377 1094 Vl.
1387 1040 1595 1095 -l‘unoemus
1607 1039 1711 1111 itaque,
1720 1038 1885 1107 dilectissimi

337 1116 448 1181 mus,et
459 1118 566 1168 rectam
579 1112 768 1184 vestigiorum
780 1114 857 1168 436
868 1113 933 1181 ejus
942 1112 1048 1168 lineam
1059 1118 1161 1168 tenerr-
1217 1111 1293 1166 Petri
1306 1109 1428 1183 apostoli
1441 1110 1497 1166 lide
1508 1114 1614 1167 nostrae
1625 1111 1725 1165 mentis
1735 1110 1885 1166 babitaculur

335 1189 392 1250 tes,
405 1183 551 1256 apascuis
562 1184 597 1239 ad
613 1188 775 1255 quieverat
791 1199 936 1254 nusquam
953 1184 1159 1240 exorbitamus.
1216 1182 1296 1237 omui
1323 1181 1507 1238 adversitatis
1531 1181 1651 1253 impletu
1667 1198 1770 1237 maerere
1784 1181 1885 1252 possitil

335 1254 365 1310 Si
377 1256 455 1311 enim
467 1253 623 1310 eonsilium
634 1255 698 1323 ejus
708 1253 1163 1319 libenteradmittimnsdremen-
1216 1251 1355 1324 Exemplo
1367 1253 1478 1309 scilieet
1488 1252 1542 1307 viri
1556 1252 1717 1324 prudentis,
1731 1253 1762 1308 de
1771 1268 1820 1324 quo
1832 1253 1885 1309 llun

335 1326 409 1389 tium
421 1325 581 1381 bestiarum
603 1325 729 1381 insidias
745 1342 802 1380 noo
814 1325 997 1381 timebimus.
1012 1326 1159 1397 Numquid
1215 1322 1449 1397 Erangeliedicit
1459 1341 1465 1379 :
1475 1324 1788 1393 Quiaedr'fioouitdomoor
1803 1340 1883 1378 aeroma

335 1397 414 1452 enim
423 1400 522 1452 custos
532 1400 631 1452 noster
641 1413 730 1468 super
737 1413 855 1468 gregem
866 1406 952 1451 snum
963 1396 1094 1451 studiose
1103 1414 1159 1451 non
1215 1400 1286 1450 tram
1297 1412 1306 1450 .·
1319 1400 1449 1451 irrumet
1458 1397 1586 1466 flumina,
1595 1396 1726 1463 floomuut
1738 1396 1885 1465 cordialiter

335 1467 446 1540 vigilat,
457 1472 485 1522 et
496 1468 625 1523 serarum
638 1467 773 1523 incursus
785 1472 817 1522 ut
828 1468 920 1523 caveri
932 1468 1036 1523 debeat
1052 1467 1160 1523 sollici·
1217 1468 1246 1521 in
1259 1466 1369 1521 aternum
1388 1468 1477 1533 illam,
1493 1475 1520 1520 et
1534 1482 1587 1521 nou
1602 1466 1706 1533 cecidit,
1717 1466 1741 1533 (q
1763 1464 1885 1537 [andoure

333 1537 501 1594 tisvocibus
517 1536 712 1594 conclamat?
726 1538 955 1605 Diabolueenim,
973 1538 1078 1610 inquit,
1090 1544 1160 1594 trun·
1214 1554 1298 1608 supro
1307 1539 1532 1609 prelrcrulttutlb.
1552 1538 1646 1597 vra24
1673 1545 1698 1592 et
1710 1537 1759 1590 25.
1782 1536 1885 1591 [ledaea

334 1610 467 1681 quemleo
483 1611 605 1681 rapiens,
617 1612 718 1664 circuit
731 1625 857 1735 quaerem
877 1625 956 1681 quem
975 1610 1100 1665 eiecerat:
1115 1613 1161 1665 cui
1218 1613 1346 1664 mentem
1363 1609 1441 1680 quod
1458 1625 1509 1680 per
1528 1606 1649 1662 Paulum
1674 1606 1790 1662 dieitur:
1811 1611 1885 1678 Noap

333 1682 453 1737 resistite
475 1683 559 1753 sortes
580 1682 610 1735 iu
624 1681 676 1750 lide
689 1681 710 1750 (l
756 1686 806 1736 etr.
828 1698 854 1748 v,
875 1684 914 1743 8).
939 1681 1058 1751 Expedit
1079 1699 1160 1753 ergo,
1216 1680 1263 1734 bic
1273 1679 1391 1748 paudere
1403 1696 1466 1735 cunr
1475 1679 1585 1741 saeculo,
1601 1687 1626 1733 et
1639 1679 1697 1733 illie
1706 1694 1885 1749 repuurecum,

334 1751 439 1809 tratres
449 1750 671 1823 (blebarissimi,
684 1756 715 1806 ut
724 1751 925 1807 consulentem
937 1751 1022 1806 nobis
1032 1751 1160 1808 coelestis
1216 1756 1244 1805 et
1257 1750 1362 1805 iterum
1376 1768 1382 1804 :
1395 1751 1555 1807 cormettes
1562 1750 1752 1805 tribulationes
1760 1753 1885 1819 oportetru

333 1823 421 1879 euriae
434 1822 585 1878 consulem
598 1822 718 1881 intentis
729 1823 866 1878 cordibus
883 1823 1050 1887 audiamus,
1062 1829 1090 1878 et
1101 1841 1160 1879 cer·
1174 1847 1197 1912 B
1215 1823 1246 1876 ire
1257 1838 1371 1892 iuquam
1395 1823 1444 1877 Dei
1468 1822 1537 1891 (Art.
1561 1836 1622 1888 xiv,
1634 1821 1690 1893 el).
1708 1820 1775 1877 Ecce
1787 1820 1830 1876 hio
1843 1821 1885 1876 bes

333 1893 481 1950 tissimum
489 1892 595 1949 salutis
604 1898 708 1949 nostra
717 1893 872 1950 consilium
884 1893 1092 1966 parvipendere
1101 1895 1156 1950 lor·
1214 1891 1306 1948 stolus
1319 1893 1432 1956 Petrus,
1445 1894 1531 1963 qu'us
1543 1891 1631 1946 bodie
1642 1890 1819 1946 festivitatem
1830 1891 1885 1947 colit

333 1964 751 2035 minumus.flieesteni1nqui
764 1981 799 2019 ex
816 1981 865 2020 ore
885 1965 1014 2019 veritatis
1026 1965 1136 2020 audivit
1149 1984 1155 2021 ε
1213 1963 1337 2020 Domino
1350 1970 1449 2019 nostro
1459 1962 1529 2019 lesu
1539 1962 1654 2019 Christe
1666 1963 1885 2019 tamulrarusetlr

334 2036 406 2091 Tues
429 2037 537 2103 Petrus,
563 2039 589 2090 et
612 2051 695 2106 suaper
716 2035 786 2091 borae
794 2040 901 2108 petrum
910 2035 1052 2103 mitificato
1068 2037 1156 2092 Ecclc-
1211 2034 1332 2101 exstitit,
1347 2034 1397 2105 qui
1411 2038 1522 2091 tantam
1535 2037 1707 2105 potestatem
1721 2051 1777 2089 non
1788 2032 1877 2089 solum

332 2108 405 2162 sium
418 2113 545 2172 breomet
557 2115 646 2176 portu
661 2107 747 2177 inseri
761 2124 816 2162 riou
829 2107 1156 2177 praeurtteburrtodueraus
1211 2106 1262 2161 scd
1275 2106 1364 2161 etiam
1375 2105 1405 2161 in
1421 2104 1501 2169 coele,
1516 2106 1579 2178 ipso
1589 2104 1741 2171 tribuente,
1758 2105 1882 2176 suscipit,

331 2195 394 2234 cem
406 2194 418 2240 ;
432 2180 458 2233 et
473 2177 524 2233 tibi
538 2176 607 2232 dubo
621 2178 709 2233 elatea
721 2180 802 2246 requi
815 2179 953 2233 cetorum.
971 2178 1023 2232 llic
1042 2184 1086 2233 eat
1106 2179 1155 2249 qui
1211 2176 1253 2232 cis
1269 2180 1366 2231 tamen
1379 2176 1550 2247 martyrium
1563 2192 1653 2248 regna
1669 2176 1779 2232 siderea
1793 2181 1885 2248 penetr

332 2248 462 2305 audivit:
475 2247 668 2321 Quodcumque
682 2249 905 2321 lipaoerissuper
919 2254 1032 2318 taurum,
1052 2251 1105 2305 erit
1120 2251 1154 2305 ti·
1247 2248 1312 2303 Car.
1332 2247 1393 2302 Vll.
1406 2279 1440 2287 -
1450 2253 1572 2303 Carnem
1599 2263 1668 2329 ergo
1685 2253 1824 2313 uestram,
1838 2246 1885 2303 dila

331 2320 623 2390 putumetiucoetiset
633 2321 821 2392 quodcumque
831 2321 944 2376 solaerio
954 2329 1154 2390 arrpertcrrom,
1210 2334 1278 2374 carm
1298 2318 1374 2374 vitiis
1389 2323 1417 2374 et
1428 2318 1673 2391 concupiscentiis
1686 2319 1802 2374 assidue
1813 2324 1885 2374 mort

330 2393 511 2447 eritaotutum
525 2399 551 2447 et
565 2393 595 2447 iu
605 2392 680 2446 cretis
699 2394 811 2460 (Mutila.
828 2407 886 2458 xm,
899 2393 942 2458 tu,
955 2392 1011 2461 tu).
1210 2388 1371 2461 apostolica
1381 2389 1885 2516 praeceptastudiosissimeohservea

367 2462 435 2518 Car.
452 2463 497 2518 lli.
508 2493 543 2503 -
554 2463 616 2518 Non
627 2479 695 2535 crgo
706 2463 836 2518 debetab
848 2462 966 2517 bomine
977 2462 1005 2517 iu
1018 2478 1072 2518 sua
1083 2480 1154 2534 prae-
1208 2459 1281 2531 ipsis
1288 2461 1380 2531 judici
1406 2478 1439 2515 rra
1449 2461 1486 2515 du
1498 2460 1725 2517 nostrisuetibus
1735 2461 1879 2517 reddituri

330 2532 476 2590 dicatione
496 2534 654 2594 contemni,
674 2534 723 2606 qui
745 2538 905 2589 aGreutore
922 2539 950 2588 et
963 2534 1155 2604 Redemptore
1210 2548 1325 2587 sumus.
1337 2531 1412 2603 lpsis
1422 2531 1499 2587 enim
1513 2530 1623 2587 dictum
1636 2533 1787 2587 estatinae
1797 2533 1856 2587 dieo
1869 2549 1884 2587 u

331 2604 738 2675 hominumtanturdignitatis
775 2604 903 2675 rivilrgic
920 2604 1155 2660 ureruitheoora-
1210 2618 1253 2658 roe
1265 2604 1411 2674 quincenti
1424 2604 1489 2658 estis
1503 2619 1555 2669 rue,
1573 2604 1603 2658 io
1618 2605 1835 2673 repeoerotioue,
1852 2621 1885 2658 cu

332 2675 367 2731 ri.
379 2675 521 2731 Terribile
531 2681 576 2731 est
591 2677 655 2746 ejus
673 2623 828 2730 consilium
840 2674 1021 2747 negligenter
1030 2675 1152 2746 despici,
1208 2674 1296 2728 Filias
1307 2673 1429 2729 bauaima
1443 2676 1474 2728 io
1488 2674 1550 2729 aede
1563 2676 1713 2745 majestatis
1726 2690 1801 2743 seete,
1816 2675 1885 2731 sedet

330 2746 566 2870 euqusetcoelum
577 2757 606 2803 ct
616 2750 693 2801 terra
704 2748 916 2818 subjectasunt
931 2745 1078 2817 potestati.
1099 2746 1154 2810 Oui
1207 2762 1239 2799 su
1260 2744 1367 2801 errem
1382 2744 1885 2827 duodeeirujudieauterduodecimtril

330 2832 372 2871 coe
387 2815 555 2872 umclaudit
565 2822 594 2872 et
611 2817 716 2888 aperit,
726 2822 840 2872 terrena
861 2833 912 2888 pre
923 2833 976 2872 suo
987 2816 1108 2872 arbitrie
1118 2816 1152 2872 li·
1208 2818 1225 2885 (2
1244 2817 1310 2870 attis.
1330 2832 1387 2883 xix,
1404 2816 1615 2887 23).lps1sunt
1630 2821 1782 2873 scuamres
1796 2817 1885 2873 mund

351 2891 383 2942 at
399 2892 427 2942 et
438 2885 532 2942 solvit.
544 2888 573 2943 Si
594 2904 721 2959 namque
739 2887 926 2943 ecelesiastici
944 2887 1090 2959 primatus
1105 2903 1152 2943 ca·
1208 2886 1264 2942 bus
1274 2886 1416 2959 seriptum
1428 2890 1489 2942 est:
1503 2887 1609 2944 uetitis
1623 2892 1653 2942 to
1664 2890 1754 2959 portia
1770 2890 1815 2943 uir
1825 2891 1884 2960 ejus

330 2962 342 3012 t
364 2957 432 3013 odra
442 2957 583 3013 divinitus
593 2958 648 3012 sibi
660 2962 704 3013 est
713 2959 830 3024 tradita,
841 2964 875 3013 ut
886 2963 1026 3031 perpetua
1034 2958 1073 3013 sit
1083 2957 1152 3014 soll·
1206 2959 1245 3013 rit
1253 2974 1314 3013 eum
1326 2959 1497 3014 miratoribus
1505 2960 1588 3015 terrm
1599 2958 1690 3029 (Preu.
1701 2976 1780 3025 xxm,
1806 2961 1865 3029 233.

330 3028 422 3084 ditate
434 3028 565 3084 fundata.
578 3029 621 3084 Ab
631 3030 749 3085 exordio
759 3030 822 3103 quir
835 3046 869 3085 ue
881 3029 982 3084 mrrndi
992 3028 1153 3086 multasea·
1206 3044 1274 3102 ergo
1290 3029 1346 3084 fide
1361 3028 1484 3097 fundati,
1498 3044 1599 3085 eorum
1612 3028 1754 3085 doctrinis
1766 3030 1885 3086 institut

330 3099 451 3156 tbedras
471 3117 529 3157 nen
548 3101 644 3156 solum
662 3101 764 3164 bonas,
785 3048 835 3156 sei
858 3101 945 3158 etiam
956 3101 1049 3157 malas
1061 3103 1152 3158 luisse
1207 3100 1332 3156 deamus
1343 3101 1519 3156 cumdivioo
1530 3100 1676 3171 adjutorio
1686 3102 1764 3157 bane
1782 3109 1882 3158 morta

330 3171 535 3253 cognoscimus
548 3172 578 3227 in
596 3171 764 3298 populoubei
779 3173 842 3241 (sed
858 3173 888 3254 in
904 3172 1058 3228 cuthredra
1074 3174 1150 3229 Petri
1165 3212 1187 3280 C
1205 3171 1405 3253 temperaliter
1415 3173 1530 3239 ducere,
1547 3178 1656 3228 utcum
1672 3171 1714 3228 eis
1725 3174 1810 3231 488
1827 3173 1883 3229 cml

330 3241 464 3299 Christus
479 3247 508 3299 et
518 3242 612 3299 malas
640 3244 763 3299 unditus
777 3249 888 3311 evertit,
900 3250 929 3299 et
940 3243 1032 3300 bonas
1043 3249 1150 3299 aterna
1206 3259 1270 3299 sinc
1281 3243 1339 3298 line
1347 3244 1475 3315 guadere
1486 3260 1670 3300 mereamur:
1683 3244 1885 3317 praedicantel

330 3313 488 3373 stabilitate
498 3315 645 3386 firmauit).
655 3314 695 3370 De
705 3315 1054 3387 bonisnamquedioitur:
1068 3317 1150 3371 Exol—
1204 3314 1311 3385 stante]
1324 3313 1445 3370 Domino
1454 3318 1553 3370 nostro
1563 3314 1633 3370 lesu
1648 3314 1783 3384 Christo,
1795 3316 1847 3372 cui
1859 3333 1885 3372 cs

329 3392 386 3441 tent
398 3402 461 3441 cum
485 3387 516 3441 iu
537 3387 649 3443 ecclesie
662 3386 749 3458 pletis
762 3404 769 3454 ;
784 3391 810 3442 et
824 3388 853 3441 iu
867 3386 996 3443 cathedre
1009 3388 1150 3442 seniorem
1207 3384 1341 3458 gloriain
1352 3385 1649 3442 saculasaeculorum.
1661 3387 1769 3443 Amen.

329 3456 1150 3530 lcudeutldlllcruinurwaolmvr,32),quipraeeeptadocto-

330 3527 1150 3601 mmsancteltcclesiaeoperieusservantcathedramls-
1517 3509 1639 3567 SERMO
1660 3509 1720 3566 XV·

329 3598 692 3672 raelitioopopulollleyses
702 3599 804 3666 tenuit,
820 3601 856 3655 de
867 3617 926 3672 qua
939 3601 1149 3670 perseveritas
1203 3601 1234 3656 lo
1243 3599 1460 3655 inscrutatione
1471 3598 1640 3656 beatissimae
1649 3600 1699 3655 Dei
1710 3598 1878 3659 Genitririe

329 3671 453 3743 (c)dixit:
466 3671 1150 3744 SupererrtbcdromlioyaiaedcruutSeribacetPlau
1580 3672 1685 3727 Mariae.

328 3744 405 3800 'licit'
414 3744 519 3807 (aaut.
530 3758 611 3808 mlle
624 3743 659 3813 l).
671 3747 709 3796 Al
718 3748 818 3798 0⁰11il³
834 3743 867 3813 lb
882 3743 917 3797 ἀΰ
928 3743 1148 3814 fflPP‘lbaiOfflffl
1203 3761 1348 3815 ilicserrno
1357 3775 1502 3830 perperam
1513 3760 1609 3815 Leonis
1622 3775 1704 3832 popae
1713 3761 1885 3817 irrsrribitu

329 3814 468 3869 cathedra
483 3812 730 3884 pchsalmistam
741 3813 973 3868 diciturstteatus
984 3815 1148 3885 uirquioou
1239 3830 1456 3886 pepponarqss,
1475 3830 1613 3887 3323qu
1634 3831 1885 3889 padelirmmip

328 3885 398 3939 obiit
414 3886 443 3939 io
456 3883 571 3939 consitio
593 3884 750 3955 impiorum,
766 3893 791 3940 et
805 3885 836 3938 io
851 3885 896 3938 uio
908 3888 1081 3954 peccatorum
1095 3900 1150 3940 nou
1234 3902 1335 3974 popm
1348 3903 1379 3956 p,
1391 3916 1445 3955 ,mo
1460 3917 1510 3956 ms,
1527 3901 1579 3957 am·
1601 3903 1723 3958 sermoni
1739 3904 1885 3974 ejusdem

328 3956 411 4022 “eiiii
426 3962 452 4009 ⁶²
467 3956 497 4009 tn
509 3953 637 4035 ‘dimidia
646 3955 811 4036 90⁸&ssle
821 3971 876 4036 ΝΜ,
893 3954 963 4009 iiim
978 3955 1064 4035 (Fial
1079 3973 1097 4021 Ι,
1111 3959 1148 4023 1)·
1239 3973 1322 4028 leooi
1328 3974 1436 4044 puriter
1445 3974 1587 4038 attributo,
1599 3973 1677 4044 cujus
1690 3977 1885 4031 mentionem

329 4024 362 4080 ln
377 4024 517 4080 cathedra
530 4040 608 4079 eninr
635 4025 805 4095 pestilentiae
822 4025 929 4080 residet
948 4043 999 4098 qur
1016 4043 1149 4082 errorum
1236 4045 1403 4116 prefatione
1426 4044 1509 4126 huju,
1523 4045 1686 4116 appendicis
1700 4061 1793 4101 num,
1808 4048 1864 4102 30,
1883 4088 1885 4100 .

330 4098 428 4220 ρθὲἱθε
443 4094 702 4220 BOpulumdooeig
955 4166 960 4178 ,
1108 4168 1114 4180 ,
1239 4114 1340 4198 ibidem
1369 4114 1885 4198 rclreerruuseumesseectiquamue

406 4182 432 4248 r,
468 4165 703 4237 .-Huqusmedr
714 4165 868 4222 cathedras
879 4166 1149 4250 Dominusmystrce
1239 4201 1328 4241 mmm
1359 4228 1365 4240 ,
1381 4186 1472 4242 procu
1487 4188 1607 4258 episcopi
1627 4185 1885 4260 Constantinopol

330 4236 527 4303 subruiteum
540 4236 858 4308 vendentesdetemplo
867 4242 975 4309 pariter
983 4243 1150 4296 etementss
1240 4257 1313 4312 qum
1326 4273 1361 4312 ex
1384 4257 1472 4312 ,emite
1494 4259 1697 4314 sententiarum
1722 4276 1759 4313 aa
1776 4262 1885 4317 serien

328 4306 769 4434 giwii-Stilllllumquiplssffli*
789 4307 1172 4393 commendaturque·
1239 4329 1372 4383 ineditum
1399 4330 1652 4399 interpretationem
1675 4346 1737 4385 ease
1766 4332 1885 4388 atterit

348 4388 408 4446 ates,
423 4388 449 4436 ct
467 4380 607 4437 cattedros
617 4380 789 4435 oeodeutrum
799 4380 937 4435 columbos
951 4389 1046 4437 euertat
1058 4383 1150 4453 (icore.
1240 4398 1360 4471 ejusdem
1373 4402 1492 4456 auctori,
1502 4417 1557 4458 noc
1567 4400 1808 4473 immpppipqer
1819 4421 1885 4460 m,

329 4467 359 4517 11,
378 4452 432 4524 15).
449 4451 528 4508 Hanc
544 4450 713 4523 pestilentie
729 4450 898 4507 cathedram
909 4452 1010 4508 Simon
1026 4451 1073 4508 ille
1089 4470 1149 4508 ma·
1237 4472 1393 4542 pensurum
1405 4472 1743 4544 ritaresipeiusorotiouea
1756 4473 1885 4531 desider

328 4538 385 4595 gua
408 4523 557 4596 acquirere
571 4522 673 4591 voluit,
699 4539 766 4578 eum
781 4522 908 4594 Spiritus
921 4522 1013 4579 sancti
1025 4523 1149 4606 gratiam
1242 4542 1353 4596 mmm,

329 4609 425 4649 emera
442 4594 617 4665 concupivit.
632 4595 687 4650 Sed
700 4595 774 4649 banc
789 4611 896 4650 manus
910 4594 1076 4665 apostelicae
1100 4594 1155 4651 lia-

329 4679 403 4736 guae,
418 4665 979 4736 antequamaedtccaretunorout,aaa
989 4669 1019 4721 et
1029 4682 1150 4722 nascen-
1240 4665 1307 4721 Gar.
1317 4664 1338 4719 l.
1354 4695 1386 4704 —
1396 4663 1558 4720 Adventum
1572 4665 1686 4722 Domini
1701 4671 1735 4722 et
1753 4667 1885 4727 Salvat

329 4739 389 4790 tem
404 4734 571 4807 pestiferam
586 4736 719 4792 baeresim
730 4735 777 4791 iai
801 4753 834 4791 sa
847 4738 943 4792 radice
958 4737 1093 4804 succidit,
1109 4739 1151 4793 di·
1204 4753 1262 4809 que
1273 4733 1427 4791 bominum
1442 4749 1535 4807 genus
1550 4736 1875 4810 indutus,dignatus

330 4819 399 4861 cens
414 4822 421 4859 t
437 4807 467 4862 la
482 4806 548 4878 felte
560 4809 636 4863 euim
646 4809 748 4863 amarit
788 4808 1151 4881 iniectobtiqotiouepeccati
1204 4812 1276 4869 tare,
1292 4810 1444 4879 portatum
1457 4807 1544 4862 hoece
1554 4808 1693 4864 saeculum
1709 4808 1885 4868 universa

328 4876 948 4949 oideoteease.Noucattiiipcrs‚uequeoorsiu
962 4882 1150 4936 conuocato
1203 4883 1247 4934 tat
1262 4876 1401 4943 Ecclesia,
1422 4883 1451 4933 et
1474 4876 1673 4936 anniversario
1695 4880 1820 4937 reditu
1843 4886 1883 4939 el

330 4948 1149 5022 (determtl·23).llocapostolieaesententiaegladioell‘os·
1199 4949 1343 5021 jucunda.
1359 4948 1440 5013 Quod
1456 4948 1535 5004 enim
1549 4949 1639 5006 semel
1651 4967 1706 5023 pro
1718 4951 1885 5026 redemp

329 5019 356 5075 si
371 5024 552 5075 suntomoes
585 5019 614 5074 ui
624 5019 838 5076 aeclesiasticos
853 5020 979 5076 honores
990 5021 1033 5077 vel
1054 5037 1150 5078 emere
1205 5021 1327 5104 propria
1339 5020 1447 5076 lactum
1459 5019 1885 5097 eredens‚mundusaccepi

329 5088 500 5160 inhiant,vel
511 5036 633 5147 veniere
645 5107 703 5147 non
716 5091 1016 5156 formidantouorum
1028 5092 1150 5149 misera·
1205 5110 1235 5148 rn
1246 5098 1370 5148 aternus
1380 5090 1534 5163 progenies
1545 5091 1670 5174 posteris
1680 5109 1885 5152 consecras

330 5161 398 5219 bilis
415 5161 759 5233 multitudehodiequein
771 5162 1151 5233 sanctaEeelesiacarnitur,
1204 5168 1275 5219 tune
1288 5166 1321 5218 ut
1334 5179 1369 5218 ex
1379 5161 1466 5218 veteri
1479 5161 1538 5218 vita
1548 5180 1578 5218 ra
1594 5164 1730 5221 novitate
1749 5169 1885 5223 menti

329 5234 380 5306 qui
395 5234 506 5290 donum
519 5234 567 5289 [lei
579 5240 680 5288 eontra
689 5233 846 5289 Dominum
859 5234 1006 5305 possidere
1017 5236 1053 5290 ad
1065 5252 1150 5291 suam
1205 5238 1344 5291 secratur.
1362 5232 1445 5288 Nunc
1457 5250 1526 5306 crgo
1542 5235 1682 5292 transacti
1699 5240 1885 5308 temporit

332 5303 488 5361 libidinem
500 5322 558 5361 nen
568 5310 719 5372 verentem
732 5304 782 5386 qui
792 5320 897 5376 nempe
909 5306 962 5361 etsi
975 5305 1102 5363 exterius
1112 5305 1151 5361 vi·
1205 5305 1380 5363 antcoculos
1391 5308 1593 5430 praesentatur,
1611 5307 1683 5363 dum
1701 5324 1746 5364 ea
1762 5323 1858 5378 quae
1884 5339 1885 5358 r

330 5374 452 5433 deantur
466 5377 532 5440 vivi,
556 5377 620 5448 jam
635 5375 725 5432 latent
739 5393 769 5431 ru
793 5380 934 5448 perpetua
953 5377 1151 5434 damnationis
1205 5376 1388 5434 suntoivine

330 5449 422 5502 morte
436 5448 555 5520 sepulti.
570 5447 625 5514 Qui
645 5447 760 5503 lucrum
775 5447 941 5503 animarum
960 5466 1089 5520 quaerere
1099 5467 1151 5522 pro
1203 5449 1317 5505 vicibus
1336 5447 1523 5504 devotissime
1542 5448 1753 5505 celebrantur.
1790 5450 1885 5508 an>

330 5514 422 5573 nihilo
432 5518 554 5586 ducunt,
570 5525 600 5575 et
614 5519 812 5575 miserrimam
828 5535 945 5574 carnem
955 5518 985 5574 in
998 5519 1112 5577 deliciis
1123 5526 1153 5577 et
1205 5537 1272 5577 cum
1283 5523 1418 5576 sanctum
1429 5519 1620 5592 Evangelium
1630 5520 1826 5594 legeretur,
1853 5541 1885 5579 11

376 5673 394 5709 o
420 5657 539 5723 Quem,
550 5660 666 5716 relaxet.
1252 5662 1275 5726 cl
1290 5659 1346 5725 Al,
1358 5660 1434 5716 dicit.

377 5657 506 5919 &julina
513 5731 615 5808 fratres
626 5733 690 5787 roei.
1240 5661 1274 5802 lsi
1290 5729 1347 5801 Al,
1359 5731 1391 5787 de
1406 5733 1594 5804 reproborum.

396 5867 406 5938 l

1403 5375 1533 5432 cotiones
1540 5379 1701 5450 praeterunt
1711 5377 1885 5437 solemni

413 5795 884 5926 qqriseqqqlusateguoturincod.
902 5802 963 5859 Vat.
981 5803 1060 5859 tert.
1209 5801 1507 5930 12(⁷uninquevcees
1516 5822 1599 5878 seqq.
1610 5806 1754 5878 prebuit
1768 5804 1885 5864 laud

459 5908 478 5939 .,
559 5908 566 5922 .
1028 5944 1037 5963 Ι
1284 5914 1290 5926 .
