4050 6175
125 296 205 396 irco

376 302 515 401 ousae.
540 336 757 412 consuant
781 339 897 403 uere
917 337 956 401 ru
979 332 1194 401 crrsroms
1215 302 1248 400 s'.
1271 338 1410 402 moms
1434 314 1571 404 uacui.

122 470 281 543 episcopus
297 469 367 543 quia
382 469 457 527 inter
471 489 520 528 eos
535 479 707 529 nuurcratur
722 491 738 529 a
753 482 780 529 5.
800 476 903 540 Leone,
913 475 947 528 nd
965 481 991 542 A

1750 342 1830 406 ltro

1009 470 1085 541 reri,
1103 490 1154 543 pro
1171 491 1228 545 epau
1244 472 1321 546 rulg.
1339 474 1420 541 edit,
1433 477 1541 533 cauteria
1554 486 1580 532 et
1590 477 1715 547 personia
1729 476 1830 535 distur-

124 556 202 613 quos
217 539 319 597 scribit
334 542 419 614 epist.
434 544 469 597 37
485 542 568 615 (aurae
582 544 627 615 lb)
641 545 676 601 de
687 545 831 603 illectione
842 550 950 603 etCen·
1007 551 1054 619 lis,
1071 550 1197 616 altareque
1209 544 1265 616 ipse
1278 547 1355 610 emet,
1366 548 1420 601 ete,

123 610 290 671 sacratione
304 612 443 671 tiasennii
459 613 489 670 in
499 613 696 672 Arelaseatem
708 615 898 692 episcopum;
914 618 950 675 ad
1042 623 1069 676 3.
1088 614 1271 687 Theophilum.
1288 616 1442 672 biirabitur
1456 617 1522 689 quis
1538 617 1616 672 bunc
1632 617 1707 674 inter
1723 619 1829 690 probe·

123 699 216 757 quam
227 682 337 759 alioqui
353 685 528 758 suffragium
544 688 674 743 conterre
690 706 748 757 qna
762 690 914 762 potuisset.
1006 689 1139 747 tissimus
1156 686 1295 770 presules
1311 688 1454 744 recenseri
1471 691 1523 744 os·
1540 690 1831 763 latont'dllssssumque

161 758 190 810 2.
206 757 391 829 lateraperiea.
408 758 520 813 idatius
535 758 564 813 in
574 758 715 816 Chronico
730 761 764 816 ad
776 778 884 817 annum
897 760 952 815 Va·

124 825 282 883 lentiniaai
297 829 420 901 Augusti
436 832 481 899 28,
498 829 595 896 idest,
618 830 730 889 vChristi
750 831 865 889 Domini
890 832 953 905 452,

124 897 955 976 testisestEuphroniuruAEdcensemepiscopummisisse

125 969 283 1051 epistolam
300 972 335 1027 ad
352 970 545 1099 Agrippinam
562 975 709 1043 comitem,
726 974 761 1030 de
783 976 954 1048 signisque

125 1047 329 1116 apparuerunt
341 1043 417 1100 uo
460 1043 489 1098 in
509 1044 677 1118 regionibus
690 1042 866 1102 Galliarum:
880 1046 956 1103 inter

148 1132 194 1169 ure
212 1112 297 1187 signa
312 1131 370 1171 aon
387 1116 534 1171 immerito
549 1117 615 1189 quis
629 1117 734 1173 reserat
748 1116 834 1187 hanc,
851 1120 886 1173 de
898 1136 956 1190 qua

125 1131 272 1249 deliteant
288 1185 416 1259 episcopi
431 1186 575 1255 scribunt,
589 1205 727 1245 aurarum
741 1188 954 1262 intemperiem.

165 1257 193 1313 3.
209 1256 307 1313 Oruaee
323 1256 396 1313 iutra
425 1256 608 1325 Gallicaclc.
638 1260 699 1315 Etsi
727 1277 785 1316 non
813 1278 848 1316 nc
870 1279 956 1317 arnus

126 1327 298 1384 commercii
309 1328 470 1401 plurimum
484 1329 573 1387 inisse
585 1330 660 1387 inter
669 1336 781 1403 septem
794 1277 955 1389 Galiiarum

124 1399 298 1527 provincias
312 1403 341 1457 et
356 1399 427 1457 alias
443 1401 606 1482 provincias
621 1400 796 1467 Gallicanas,
812 1403 955 1473 uidelicet,

153 1470 355 1544 ugduaenses,
372 1470 512 1545 Belgicae,
542 1473 724 1545 Germanias,
747 1478 813 1543 etc,
831 1481 863 1530 ut
878 1492 911 1530 ex
926 1481 955 1529 S.

125 1540 233 1598 Hilarii
245 1539 421 1599 Arelatensis
437 1561 503 1599 cum
519 1544 612 1600 sancti
628 1545 955 1602 Germanidntissiode-

127 1613 229 1670 nensis
237 1612 407 1670 excursibus
418 1615 603 1671 manifestum
614 1622 654 1671 est
668 1635 674 1681 ;
686 1622 781 1672 tamen
794 1618 832 1689 (a)
843 1623 956 1673 rertrrm

126 1684 204 1740 milri
212 1702 291 1767 pene
305 1691 349 1742 est
365 1683 483 1751 Grillius,
500 1686 651 1758 dequibus
663 1687 707 1742 bic
720 1688 879 1761 loquuntur
890 1688 956 1743 tlal·

126 1755 219 1813 licam
236 1756 376 1883 episcopi,
393 1775 450 1813 raon
467 1756 538 1813 olias
546 1776 707 1831 essequam
717 1765 828 1832 septem
839 1762 956 1833 pruria-

1008 757 1831 884 haberilqmiiioscoroinexemplumproponeretur.0uod

1009 850 1046 890 ue
1061 832 1097 888 ad
1123 829 1302 885 rdeitnutum
1315 829 1512 886 sinceritatem
1529 833 1834 958 restrinpjaturpbstat

1010 906 1086 977 qued
1103 904 1207 958 soracte
1221 902 1536 974 meaeoriaeapprtlatur
1550 903 1586 958 nb
1601 920 1634 958 co
1656 920 1726 960 eme
1749 905 1834 961 istut

1010 978 1096 1047 (uuae
1113 973 1173 1041 tot)
1188 972 1225 1028 ad
1238 972 1418 1028 Marcianum
1435 975 1651 1045 imperatorem,
1663 980 1691 1029 et
1704 921 1835 1045 fidiculae

1009 1049 1055 1119 88)
1065 1046 1100 1102 ad
1111 1042 1323 1098 Parrhasiuum
1335 1043 1660 1115 Lilybetanumrtoum
1670 1048 1836 1103 sanctitatis

1010 1115 1153 1261 preconio
1168 1115 1296 1170 citantur
1311 1118 1376 1185 ejus
1390 1115 1497 1186 scripta
1514 1117 1616 1170 taurin
1645 1117 1768 1189 epistola
1787 1120 1834 1173 134

1031 1206 1095 1245 rarae
1109 1187 1170 1257 165)
1184 1186 1218 1240 ad
1231 1185 1353 1241 Leonem
1365 1188 1407 1240 Au
1432 1191 1540 1253 ustum,
1553 1201 1641 1259 qnam
1653 1192 1681 1243 in
1693 1205 1776 1247 excer
1798 1190 1837 1246 tis

1009 1264 1060 1318 Sb.
1077 1260 1196 1314 Petrum
1212 1256 1242 1312 in
1258 1256 1379 1312 concilio
1394 1202 1620 1313 ciatreuonensi
1636 1258 1762 1316 relectis.
1777 1206 1837 1319 ideo

1010 1336 1110 1389 tamea
1126 1330 1260 1402 ignorare
1275 1328 1368 1408 patuit
1384 1328 1414 1384 S.
1427 1329 1481 1383 Lao
1492 1332 1527 1409 (c)
1542 1345 1630 1400 quam
1642 1330 1778 1387 nefandis
1789 1349 1836 1388 ar·

1010 1405 1103 1468 tibus,
1119 1417 1207 1473 quam
1225 1398 1379 1455 horrendis
1393 1398 1582 1463 calummis'
1599 1408 1838 1475 uumqueaperta

1009 1474 1038 1531 vi
1054 1471 1274 1531 sanctissimum
1290 1469 1422 1526 uertere
1432 1417 1732 1552 ditetur-cmqioanaem
1744 1473 1836 1545 Chry·

1011 1551 1175 1602 seratemum
1193 1545 1364 1614 persecutns
1380 1542 1475 1599 trient.
1488 1558 1519 1596 nr
1531 1541 1648 1598 taudem
1658 1543 1838 1617 oppresserit

1010 1613 1201 1688 'ilrmphilus
1217 1616 1259 1669 lin
1276 1629 1341 1668 eum
1352 1612 1544 1669 totseclerum
1557 1617 1837 1741 autemamempoe-

1011 1686 1141 1753 nituerit,
1159 1685 1208 1757 qui
1221 1684 1295 1739 rotet
1308 1684 1551 1755 inquiri-madeat
1566 1684 1604 1740 lib
1628 1702 1655 1740 rx
1671 1688 1754 1758 capi>
1789 1687 1839 1744 its

1012 1756 1230 1816 sarretitoannis
1240 1755 1449 1829 Ctrrpsnstnrni.
1460 1755 1586 1810 mirabili
1595 1755 1838 1830 diligentiap'udi·

124 1826 211 1885 cias:
228 1845 244 1884 e
269 1845 304 1884 ex
319 1830 478 1885 instantem
492 1829 645 1885 recitatam
659 1832 878 1904 ossespmdum
892 1850 956 1904 qure
973 1849 995 1915 Β
1012 1830 1066 1896 cie,
1084 1828 1216 1884 doctrina
1232 1844 1263 1883 ae
1279 1828 1474 1881 concinnitate
1490 1826 1598 1882 tialliee
1609 1831 1838 1900 nupereonscri-

125 1899 165 1965 acl
180 1898 210 1955 S.
226 1899 350 1955 leonem
367 1899 441 1955 bane
457 1901 609 1971 epistolum
626 1902 755 1974 scripsit,
771 1904 849 1958 etad
867 1921 956 1976 quarn

126 1976 303 2097 sequentem
319 1970 403 2041 (reatae
420 1972 479 2041 too)
495 1971 643 2044 rescripsit
659 1973 687 2028 S.
706 1973 770 2029 terr.

184 2082 191 2096 .
202 2043 387 2124 Apostolorum
399 2044 526 2099 cestram.
535 2042 680 2099 Omnibus
694 2046 731 2115 lb]
742 2043 957 2100 indiscrimina-

125 2111 960 2187 timeprscopishancalloqucaditurmulamtribuiscxecu-

125 2184 169 2243 tis
185 2184 363 2241 testimoniis
373 2189 473 2241 notum
485 2192 543 2241 est:
557 2186 674 2242 unicum
688 2193 868 2243 notamusex
878 2186 959 2259 npet-

126 2254 217 2313 linari
231 2254 363 2328 Sidonio,
379 2257 427 2331 qui
446 2262 474 2313 et
491 2257 518 2312 in
536 2257 635 2313 Galliis
652 2259 794 2315 eteoclem
806 2259 959 2315 serectute

125 2326 278 2393 scribebat
292 2327 428 2384 euardem
445 2327 474 2383 in
491 2329 610 2384 modum
627 2330 662 2384 ad
692 2330 841 2385 Fnateinm
856 2348 862 2396 ;
879 2348 958 2395 errat,

128 2398 160 2456 in
186 2396 495 2466 uam‚Vasioucnsiurrr
511 2400 846 2474 episcopum,quihuiee
870 2402 958 2457 istolae

130 2416 396 2551 edisseripsitNide
407 2470 517 2526 Sidonii
534 2470 699 2544 epistilib.
716 2490 755 2537 rr,
768 2476 796 2528 et
811 2474 827 2527 i
843 2419 894 2528 db.
906 2489 957 2529 νιι.

131 2541 215 2598 idern
231 2541 358 2597 dicimus
372 2543 407 2597 dc
424 2559 492 2598 voce
505 2561 587 2615 popu.
612 2544 764 2599 Enimuero
779 2561 881 2600 oarrros
897 2545 958 2618 cpi·

128 2612 215 2687 scopi
232 2629 415 2670 successores
431 2619 499 2669 suut
516 2614 831 2687 apostolorum,nmnes
843 2622 958 2697 aposta-

127 2683 229 2740 lorum
240 2680 409 2741 cathedram
427 2689 535 2749 toneat,
560 2691 589 2741 et
603 2686 678 2741 sicat
693 2686 723 2741 S.
741 2688 796 2743 Leo
823 2692 908 2759 epist.
925 2687 960 2742 49

129 2756 218 2827 (nuuc
230 2754 361 2882 mmai
377 2758 403 2821 2,
421 2760 546 2812 testatur
560 2775 591 2812 se
607 2758 662 2812 sub
685 2756 759 2813 Petri
778 2759 895 2814 nomine
907 2759 958 2813 Ec-

128 2827 229 2883 clesiae
238 2827 338 2952 praesit
352 2843 409 2891 ere,
426 2827 466 2882 ita
481 2829 574 2882 ceteri
594 2827 730 2883 Ecclesia
748 2829 889 2901 presules
903 2830 960 2885 sub

126 2902 235 2972 aposto
248 2915 332 2953 orum
344 2898 463 2954 uonriue
478 2899 644 2972 presidere,
661 2901 799 2955 censendi
816 2904 895 2970 sunt,
909 2901 958 2974 qui

125 2970 252 3043 proinde
267 2973 296 3025 et
310 2969 462 3042 apostolici
480 2970 622 3025 rrourinuri
634 2976 661 3026 et
673 2971 854 3044 apostolatus
865 2970 960 3046 elegio

125 3041 260 3100 decorari
269 3040 332 3098 siae
344 3041 457 3098 incidie
468 3045 534 3097 notu
545 3047 703 3115 potueruut
724 3060 731 3099 ε
756 3043 890 3117 quamuis
903 3044 960 3101 troc

128 3131 187 3170 usu
202 3112 374 3185 hodiernus,
390 3130 477 3185 pones
493 3132 580 3184 quoru
596 3113 732 3185 loquendi
747 3116 798 3184 jus
814 3121 842 3169 et
855 3133 961 3172 norma

126 3185 249 3252 residet,
267 3184 397 3242 Romano
413 3184 541 3258 pontiliai
559 3187 766 3241 reservandum
783 3184 862 3242 uelit.
884 3186 993 3278 t'idec

1014 1908 1070 1975 pte
1085 1901 1122 1957 ab
1136 1898 1335 1955 eruditissimo
1361 1901 1421 1953 rire
1436 1898 1589 1954 tinect'rido
1605 1898 1772 1957 Hermantio
1787 1905 1839 1957 do·

1014 1977 1092 2029 ctare
1106 1970 1264 2025 Serbonico
1278 1974 1304 2025 et
1321 1969 1676 2027 EcclesiuBeilnuacensis
1687 1972 1838 2029 canonico.

1049 2042 1227 2098 Crediderim
1244 2057 1297 2122 epo
1308 2057 1341 2094 ex
1358 2041 1402 2094 his
1414 2040 1550 2111 loquendi
1577 2042 1713 2098 termulis
1726 2044 1762 2099 de
1777 2045 1839 2117 epi·

1014 2129 1168 2185 scaporum
1185 2118 1337 2166 sanctitate
1362 2128 1416 2165 rien
1434 2127 1498 2165 csse
1525 2111 1753 2177 decernendum,
1769 2131 1839 2171 eum

1016 2180 1842 2254 virlenmusporditissimoshominosiirdrmtitulisdcco·

1014 2256 1070 2311 rari
1087 2254 1176 2310 etiam
1191 2253 1220 2307 in
1238 2253 1367 2308 conciliis
1383 2252 1614 2320 eenrnrnicispt
1628 2253 1703 2310 hanc
1714 2271 1838 2314 consue·

1012 2326 1146 2383 tudinem
1163 2341 1214 2397 per
1230 2341 1264 2380 oa
1283 2328 1415 2449 tempora
1441 2323 1578 2447 ripnisso.
1596 2329 1629 2380 ut
1658 2325 1838 2399 quicumque

1013 2397 1140 2471 episcopi
1156 2414 1173 2452 a
1188 2396 1245 2451 tide
1257 2395 1343 2451 cntho
1355 2396 1400 2450 ica
1429 2412 1465 2450 nu
1482 2394 1509 2449 le
1532 2396 1618 2451 uredo
1642 2397 1837 2468 deviaverant,

1013 2470 1116 2526 1482
1131 2469 1374 2539 decesserantque
1389 2465 1418 2520 iu
1431 2467 1637 2523 communione
1648 2467 1838 2539 certesiens-

1014 2542 1192 2614 ponerentur
1206 2538 1235 2593 in
1252 2538 1345 2595 sacris
1360 2537 1517 2611 diptychis,
1527 2543 1555 2594 et
1570 2545 1677 2596 sancte
1691 2541 1839 2601 memorie

1013 2612 1065 2668 riri
1082 2611 1258 2666 dicerentur.

1050 2684 1075 2739 t.
1092 2682 1131 2739 ild
1144 2683 1245 2753 trorum
1260 2683 1365 2735 neuros
1380 2680 1528 2761 llispnaiu’.
1546 2679 1688 2739 Videmus
1712 2681 1760 2738 hic
1774 2684 1839 2810 pri·

1015 2771 1095 2809 mum
1113 2754 1148 2808 de
1163 2750 1310 2808 Gallicana
1327 2751 1452 2807 Ecclesia
1464 2752 1493 2807 S.
1510 2752 1633 2807 Leonem
1650 2768 1714 2810 esse
1728 2754 1771 2810 sol
1786 2755 1838 2811 ici·

1014 2832 1089 2891 tum,
1105 2831 1167 2879 turn
1184 2823 1219 2879 de
1234 2823 1372 2895 Hispana,
1397 2822 1466 2887 quia
1493 2821 1669 2895 plerumque
1695 2827 1839 2898 accepite

1014 2896 1106 2953 Gallis
1141 2895 1229 2951 arcad
1246 2894 1312 2949 lldei
1328 2894 1456 2960 initium,
1472 2893 1684 2963 incrementum
1698 2902 1726 2952 et
1740 2902 1838 2953 custa-
1897 2930 1903 2939 ι

1015 2969 1092 3024 diam
1111 2985 1134 3022 sr
1157 2968 1165 3021 i
1186 2965 1325 3022 erantcel
1355 2962 1576 3020 necessariaurl
1607 2965 1699 3022 utilia.
1729 2967 1840 3026 idatius

1016 3040 1163 3112 Hispanus
1178 3037 1207 3094 in
1219 3037 1360 3094 Chronico
1374 3038 1410 3093 ad
1421 3035 1584 3110 olympdtN
1597 3037 1738 3095 nonnulla
1753 3039 1841 3099 habet

1037 3129 1079 3165 ue
1095 3111 1265 3182 hujussunt
1280 3108 1405 3165 instituti
1421 3113 1450 3164 et
1465 3108 1535 3163 inci:
1551 3110 1697 3166 Deliallia's
1716 3113 1839 3236 epistole

1014 3128 1410 3262 deseruntur,etc.spprain
1439 3179 1516 3235 notis
1542 3180 1577 3233 ad
1607 3180 1727 3252 epistt
1764 3199 1793 3238 n.
1808 3185 1837 3240 9.

125 3255 265 3313 Glcdorei
281 3255 458 3312 Francorum
485 3256 560 3328 regis
575 3256 728 3383 epistolam
752 3258 788 3313 ad
803 3259 957 3331 episcopos
1013 3253 1120 3307 Eiidem
1136 3252 1191 3316 via,
1207 3268 1239 3307 ac
1254 3266 1456 3333 episcoporum
1473 3249 1689 3306 Gallicanorum
1705 3253 1838 3308 ministe-

126 3328 177 3394 sui
194 3326 274 3400 regni
303 3344 377 3399 quos
393 3328 434 3383 sic
450 3326 577 3384 salutat:
612 3330 712 3384 ultricis
727 3332 827 3385 mactis
842 3339 867 3385 et
889 3346 957 3402 apa-

125 3399 226 3456 stoliea
241 3369 300 3455 rede

127 3473 211 3526 fine:
227 3470 307 3526 Orate
317 3486 366 3542 pro
382 3488 433 3536 rue,
449 3469 556 3526 deretini
569 3473 659 3526 cerreti
679 3475 705 3527 et
732 3473 879 3544 apostolico
897 3473 959 3529 ee

124 3542 288 3615 dipmeimi
298 3555 389 3614 popm.

308 3647 409 3703 1481
431 3647 478 3701 ΑΙ)
497 3646 698 3703 LPtSTOthM
719 3648 776 3704 cu.

337 3735 414 3773 arun
434 3734 623 3780 occasunmcu
644 3735 747 3774 cuxru.

386 3807 523 3879 Episcopus
539 3805 699 3862 Gallicanis.

316 3397 486 3469 dipsiseimie
505 3402 644 3471 episcopus,
658 3399 801 3456 Cleonaeae
811 3418 875 3456 roe:
887 3407 915 3456 et
928 3401 956 3457 in

168 3896 190 3952 Ι.
205 3895 359 3967 bospirutae.
375 3895 483 3950 Omnes
501 3912 572 3950 mss.
589 3895 674 3950 codd.
689 3912 764 3967 quos
778 3895 836 3951 vidi
846 3896 956 3954 habent

124 3968 269 4040 inspirare
282 3985 289 4034 ;
305 3968 382 4024 sicut
398 3969 426 4021 et
438 3965 541 4021 retinet
550 3966 734 4030 sumendus,
745 3967 821 4093 quod
834 3985 955 4026 sensum

125 4057 188 4094 nou
204 4037 292 4094 babet
308 4037 362 4093 nisi
379 4036 549 4092 obscurum.
567 4037 698 4094 Griman.
710 4055 743 4094 eo
768 4081 773 4093 .
791 4039 879 4095 habet
890 4041 954 4112 qui-

124 4111 197 4166 dem
207 4110 358 4184 inspirare·
367 4109 416 4164 sed
428 4126 496 4163 cum
506 4112 572 4164 ante
582 4109 690 4165 ibidem
701 4109 956 4183 legaturdiuiuitus

125 4181 195 4247 luce
206 4180 313 4236 clarius
328 4185 372 4236 est
387 4180 543 4253 legendum
561 4181 724 4253 inspirate:
740 4182 817 4255 ‹puod
834 4189 862 4239 et
883 4201 954 4240 nou·

124 4251 203 4309 nulli
216 4250 285 4307 editi
301 4251 416 4308 codices
431 4250 579 4308 exhibent.

163 4326 191 4379 2.
210 4323 334 4379 Persoar's
344 4321 481 4379 distitutis
492 4327 573 4395 atqcue
587 4321 696 4392 dicuin
712 4327 767 4380 etc.
781 4342 788 4393 ;
806 4324 847 4381 ita
861 4325 953 4383 Grim.

1014 3324 1068 3389 rio,
1084 3323 1176 3379 missa
1196 3324 1231 3377 nd
1256 3337 1407 3402 episcopos
1431 3320 1535 3376 ltalicre
1559 3322 1691 3377 dioeccsis
1715 3323 1838 3384 celebris

1014 3393 1139 3467 epistola
1150 3393 1253 3449 Lcouis
1268 3398 1358 3447 nnstrr
1376 3392 1411 3445 nd
1428 3390 1645 3459 Flavianamut
1658 3394 1836 3466 exsequenti

1013 3465 1137 3539 epistola
1149 3465 1233 3535 (aune
1242 3465 1287 3534 ot)
1299 3462 1413 3518 Eusebii
1422 3461 1646 3518 blediolaueusis
1658 3463 1836 3526 adsecutum

1011 3538 1136 3594 Lronem
1150 3536 1290 3591 docemur
1303 3551 1310 3590 ε
1324 3533 1363 3589 dd
1377 3548 1436 3602 aas,
1450 3532 1557 3606 iuquit,
1568 3551 1603 3589 ee
1617 3542 1705 3590 aestro
1715 3535 1838 3594 admoui·

1011 3605 1836 3678 tienepoortosrotroetcoeptseoponoeroderetoomatuaa·

1010 3684 1037 3735 te
1048 3681 1181 3752 pertenit.

1243 3793 1287 3849 AD
1306 3791 1509 3848 EPISTOthbi
1535 3790 1604 3847 Cssll.

1064 3867 1096 3921 Et
1110 3866 1252 3938 coemptor
1264 3865 1405 3921 reverentie
1419 3866 1513 3920 contro
1529 3864 1688 3920 dioscorum
1703 3866 1776 3921 tutae.

1219 3970 1296 4009 APUD
1316 3967 1506 4016 comumnes
1527 3969 1629 4009 Lxxxrr.

1047 4041 1486 4114 Eueaplurscuteutiaedacobus
1496 4040 1755 4099 Sirmondashano
1766 4059 1833 4099 sen·
1853 4079 1855 4083 ,

1009 4115 1130 4174 tentiam
1149 4130 1182 4169 ex
1195 4113 1280 4168 codd.
1296 4113 1461 4170 corbeieae.
1477 4117 1506 4169 et
1516 4113 1676 4184 Pithoeano,
1688 4115 1717 4170 in
1729 4114 1838 4187 quibus

1009 4185 1078 4241 huic
1090 4182 1219 4258 epistole
1236 4184 1457 4256 subjiciebatur,
1474 4185 1694 4241 exscribendam
1719 4202 1837 4258 quoque

1009 4256 1057 4312 hic
1073 4256 1197 4312 consuit.
1209 4255 1308 4320 Quoad
1319 4269 1437 4312 sensum
1447 4257 1581 4312 convenit
1591 4256 1687 4312 tercia
1697 4256 1837 4312 omnibus

1010 4344 1076 4384 cum
1088 4326 1171 4383 illurn
1182 4325 1345 4400 legatorum
1355 4326 1447 4383 saneti
1458 4326 1835 4400 teonirldrsuttragio,quod

687 4484 982 4542 BALLERlNlORUM
999 4484 1288 4543 successiones.
1342 4511 1347 4519 ·

163 4607 203 4680 (a)
214 4605 246 4663 ld
261 4623 321 4664 noa
334 4605 378 4663 ita
393 4613 505 4663 certum
521 4607 636 4664 videtur
654 4611 685 4663 nt
707 4607 881 4675 Onesnellus
896 4609 956 4667 exi·
972 4586 995 4651 Ῑ)
1012 4611 1135 4667 virtutes
1151 4610 1381 4677 considerantes,
1395 4624 1462 4664 oum
1478 4607 1569 4664 nimio
1583 4607 1645 4664 zelo
1666 4608 1834 4684 abreptam,

122 4679 240 4736 stimat.
249 4677 323 4736 Cum
334 4677 412 4734 enim
424 4679 454 4734 S.
468 4675 524 4734 Leo
535 4678 570 4733 ad
603 4680 812 4736 ermouendum
823 4681 956 4738 Theodo-

124 4750 208 4808 sium
224 4747 511 4823 hancpleuissimam
526 4696 687 4806 datiarum
698 4752 842 4821 synodum
854 4770 956 4824 percu·

148 4822 232 4888 sset,
248 4820 278 4878 ia
294 4838 352 4893 qua
367 4819 520 4894 epistolam
534 4820 613 4877 Qttad
631 4821 826 4879 flaviannmn
841 4825 955 4880 cunctis

152 4891 290 4949 alliacum
306 4892 443 4949 Ecclesiis
459 4891 661 4965 episcoporum
687 4894 956 4966 subscriptionibus

125 4969 279 5038 receptam
294 4963 475 5030 ostenderet;
492 4980 507 5018 e
530 4963 644 5020 cunctis
661 4963 820 5020 Galliarum
838 4967 955 5037 proriu-

124 5031 182 5092 ciis
198 5035 351 5110 episcopos
365 5036 401 5090 ad
411 5035 554 5108 synodum
566 5036 685 5104 accitos,
697 5042 726 5092 et
738 5054 770 5092 ex
779 5036 954 5109 Lugdunen-

125 5107 214 5163 sibus
228 5105 419 5162 vicinioribus
435 5105 593 5179 prouinciis
619 5105 744 5179 aliisque
769 5108 955 5165 concurrisse

125 5178 202 5236 satis
215 5176 353 5233 credibile
366 5183 421 5234 est.

162 5248 202 5331 (a)
216 5247 295 5305 Licet
307 5249 473 5331 apostatatos
485 5251 514 5305 et
545 5262 607 5320 ape
622 5247 741 5305 nomina
757 5247 824 5304 aliis
838 5265 954 5323 quoque

125 5337 228 5398 eprsco
249 5320 274 5377 is
289 5319 374 5377 olrm’
385 5320 497 5377 tributa
519 5264 663 5393 figuntur,
679 5320 839 5376 cauendum
856 5325 953 5378 tamcn

124 5396 172 5449 est
188 5407 224 5448 nc
261 5393 308 5448 inc
323 5390 449 5448 aliorum
464 5390 669 5473 episcoporum
680 5390 876 5464 equalitatem
886 5409 953 5449 eum

125 5461 751 5537 Romanopnntitleequispramcoliigat.Nam
760 5467 953 5537 preterquam

125 5535 206 5607 quod
215 5534 263 5592 alii
274 5533 344 5608 pleri
369 5552 403 5590 ue
414 5533 543 5606 episcopi
557 5534 641 5591 sedes
652 5553 710 5591 non
730 5534 874 5591 tenentnb
883 5552 952 5607 ape-

125 5552 953 5733 stolisipsisfundatasmullusaliusetiamapostolicarum

123 5677 321 5762 Ecclesjarum
335 5676 493 5824 :fficopus
503 5677 694 5759 propriusest
704 5678 733 5734 S.
765 5683 821 5733 etri
833 5694 950 5734 suecos·

124 5747 954 5905 {tecetult.n:tttttubttubttcudtttm

164 5895 200 5973 (ct
213 5891 271 5955 Ala
291 5889 445 5972 Theophili
476 5889 640 5962 scientiam,
669 5891 786 5970 egregia
810 5895 894 5972 gesta
918 5908 952 5955 aa

1012 4678 1835 4765 moderationislimitcsexcessisse‚prmcipitiqucjudicio

1012 4753 1041 4809 in
1053 4757 1080 4809 S.
1098 4755 1223 4810 Leonem
1233 4752 1471 4824 Chrysostomum
1480 4768 1575 4834 egisse
1584 4769 1641 4808 non
1654 4751 1834 4823 intimantur,

1010 4824 1060 4880 sed
1079 4825 1118 4880 ita
1134 4830 1166 4880 ut
1180 4823 1266 4880 etiam
1277 4828 1305 4877 S.
1315 4821 1534 4895 Cyriltusinitro
1547 4822 1592 4880 sui
1604 4823 1792 4905 pontificatus
1804 4826 1833 4883 in

1011 4897 1111 4950 cartem
1121 4894 1273 4966 Tlrcepbili
1283 4894 1436 4963 sententia,
1462 4911 1528 4950 uam
1539 4895 1737 4968 aequissimam
1749 4902 1833 4969 parta·

1010 4967 1070 5034 bat,
1084 4966 1253 5037 aliquandiu
1271 4965 1438 5037 perstiterit.
1477 4983 1515 5021 ae
1527 4967 1834 5040 humanapraejudicic

1010 5038 1087 5092 sicut
1102 5038 1131 5092 S.
1148 5038 1316 5094 Innocentio
1333 5038 1342 5092 1
1358 5055 1416 5094 noa
1448 5042 1528 5094 tanta
1543 5039 1605 5093 visa
1624 5042 1694 5093 strat
1720 5042 1752 5092 ut
1765 5054 1832 5095 eum

1009 5107 1169 5178 Theophila
1183 5109 1421 5166 communionem
1436 5110 1631 5181 abrumperet,
1647 5107 1688 5163 ita
1703 5107 1830 5165 Leonem

1009 5179 1833 5254 nostrumnonimpedieruntqaominaseumdem'l'hrn·

1009 5249 1122 5323 philam
1135 5252 1360 5324 probatissimam
1374 5255 1400 5310 et
1413 5257 1514 5307 sancte
1525 5252 1664 5307 memorie
1673 5250 1767 5307 virum
1782 5267 1831 5309 ro·

1045 5326 1097 5379 ret.

1009 5339 1083 5477 on(el)
1099 5393 1273 5469 Legatorurn
1289 5394 1318 5450 S.
1336 5392 1439 5450 Leonis
1454 5396 1555 5448 eontra
1568 5390 1738 5448 Dioscoram
1763 5408 1830 5449 sea·

1008 5469 1131 5526 tentiam
1148 5464 1294 5539 pontificis
1311 5464 1482 5522 auctoritate
1506 5463 1606 5532 latam,
1629 5463 1657 5519 in
1674 5462 1830 5521 Chalcedo-

1008 5536 1093 5593 nensi
1109 5537 1231 5593 concilio
1247 5552 1304 5593 non
1320 5536 1483 5592 recentiam
1502 5534 1618 5608 proprie
1645 5535 1764 5602 dictam,
1779 5537 1830 5594 sed

1009 5624 1124 5663 merum
1134 5609 1307 5680 euprepiam,
1322 5623 1380 5679 quo
1395 5606 1462 5662 licet
1477 5612 1542 5678 post
1555 5605 1707 5678 quaesitum
1725 5608 1829 5681 synodi

1007 5684 1135 5738 mentam
1151 5682 1338 5761 praetentato,
1355 5695 1401 5735 res
1417 5682 1515 5734 tamen
1531 5678 1628 5735 adbuc
1643 5677 1674 5733 in
1775 5679 1827 5737 Pa-

1007 5751 1103 5808 tribus
1113 5749 1213 5808 relicta
1227 5747 1323 5816 luerit,
1340 5749 1394 5808 hcc
1409 5750 1559 5807 notatione
1573 5746 1698 5816 Quosnel
1711 5766 1746 5807 aa
1760 5767 1828 5808 con·

1010 5821 1111 5880 tendit.
1123 5823 1159 5878 nt
1172 5838 1235 5878 eam
1252 5838 1348 5879 reram
1359 5819 1534 5879 sententiam
1544 5821 1828 5897 iuisscprohauimaa

1006 5894 1128 5956 annoto
1142 5891 1336 5979 (doliture)
1351 5893 1381 5958 ia
1397 5891 1484 5975 epist.
1500 5892 1562 5960 too.
1578 5893 1651 5957 Cum
1665 5909 1733 5958 roro
1747 5898 1826 5981 pont·
