4050 6175
303 258 384 381 ⁸⁰³¹*
560 314 757 383 sesanam
775 315 828 379 ΑΒ
849 310 1000 379 satulli
1023 311 1183 380 sinisii
1205 314 1368 381 osaauii
1388 314 1423 380 S.
1444 314 1586 381 naonis
1605 312 1739 381 aioni.

300 449 352 509 lidi
362 449 499 526 janitoris
508 450 674 523 expetitio)
684 449 780 506 Currit
788 449 931 506 exanimis
942 448 1077 506 minister
1084 449 1121 504 ad
1135 449 1163 517 A
1177 449 1228 507 sed
1242 466 1327 506 corvo
1342 448 1500 506 famulante
1515 452 1647 505 servatur
1660 447 1890 512 illesustlbtliiuiti

300 524 464 597 presidem,
476 538 563 594 quem
579 523 696 594 gravius
712 521 813 578 relatio
830 521 925 576 nuntii
941 538 1028 593 qnam
1046 521 1121 576 letus
1176 519 1255 576 Elias
1269 519 1367 576 divino
1382 521 1563 591 nutu,aorvis
1574 522 1826 597 prestantibusquo
1838 525 1890 584 alen

300 592 652 666 eratpercussuragladii:
665 597 771 648 etcum
786 609 842 648 non
855 599 953 663 posset
963 609 997 647 ex
1008 592 1121 665 magni·
1177 592 1339 664 prestitum
1354 598 1401 648 est
1417 592 1580 660 Vincentio,
1593 594 1762 665 obsequente
1770 611 1817 667 quo
1835 614 1890 654 neec

301 666 403 721 tudine
413 662 453 719 rei
465 669 562 720 tacere
576 664 654 736 qood
669 664 791 729 viderat,
802 670 921 728 tremor,
927 663 1058 734 judicem
1075 678 1122 718 oc·
1177 679 1213 719 ne
1228 663 1436 719 comederetur.
1453 663 1552 727 Quint
1571 664 1686 720 coelitus
1710 680 1737 720 se
1754 681 1798 721 cus
1840 684 1890 724 cmi

301 733 484 807 cupat,dolor
493 734 697 801 lacerat,loror
707 735 889 801 iiillammat;
906 740 934 789 et
943 752 978 789 ne
989 733 1018 788 in
1029 734 1122 815 pinnis
1175 740 1299 806 gnatum
1309 736 1487 801 ostenderet,
1502 735 1697 792 adventantes
1707 734 1818 808 reliquas
1828 754 1890 794 oves

299 806 421 863 vincens
436 805 606 862 Vincentius
620 805 743 880 gloriam
761 807 905 862 obtineret
920 805 1062 876 martyrii,
1077 804 1123 860 Ci·
1178 822 1234 861 nus
1246 822 1302 861 non
1315 805 1397 878 segni
1411 805 1521 877 impetn
1533 805 1890 880 perturbabaliinterqoasin

303 877 474 950 tius,inquit
486 877 640 946 Decianus,
652 877 831 950 producatur
845 893 860 933 o
874 892 1037 944 carcereos
1051 876 1123 931 diua
1177 893 1244 932 nem
1256 876 1483 949 quoquolupnm
1496 877 1617 949 propius
1635 877 1817 945 accedentem,
1831 878 1890 936 velut

301 948 730 1020 insistimusreballempunire,
741 948 964 1003 videamursum
973 947 1070 1019 potius
1081 946 1123 1001 vi·
1177 948 1370 1003 commissum
1382 947 1554 1003 thesaurum
1564 946 1707 1020 sacrilega
1717 948 1890 1009 audacissimi

302 1019 395 1076 etoria
407 1035 554 1076 coronare.
566 1019 714 1076 Profertur
723 1020 821 1092 itaque
838 1035 872 1074 ex
888 1018 937 1073 illo
948 1018 1013 1074 tetri
1025 1034 1122 1074 carce·
1177 1036 1207 1075 re
1219 1018 1618 1090 praesumeretpennisetalis
1629 1019 1804 1076 diverberans
1812 1021 1890 1092 procul

302 1091 343 1148 ris
357 1089 505 1157 barathro,
520 1090 628 1146 caelesti
645 1090 763 1163 quidem
780 1090 873 1163 gratia
885 1089 1044 1161 pulchrior,
1055 1095 1084 1145 ot
1098 1089 1123 1145 si
1177 1089 1285 1174 gitsed
1300 1089 1347 1146 illa
1358 1091 1435 1162 quod
1448 1107 1503 1145 non
1512 1095 1572 1146 tani
1582 1091 1619 1146 ad
1631 1089 1801 1146 inferendam
1810 1092 1890 1147 veniss

302 1163 399 1219 adhue
409 1166 486 1218 esset
498 1161 869 1235 passurus,roliustior.Sed
883 1161 932 1215 ulii
944 1160 1123 1216 desiderium
1172 1162 1387 1234 quamnquam
1399 1162 1433 1216 ed
1446 1162 1609 1234 aagendam
1621 1160 1749 1217 miraculi
1761 1178 1886 1235 pompam,

301 1234 338 1290 ad
355 1232 437 1306 regni
451 1234 629 1289 vocationem
649 1231 795 1288 tendentis
809 1231 890 1287 nullo
911 1248 1063 1305 pernarum
1080 1230 1123 1287 vel
1178 1233 1246 1287 dam
1262 1231 1308 1287 soi
1325 1231 1820 1304 habitudinestupidusindicabatb
1833 1234 1890 1305 inp

301 1304 404 1361 mortis
419 1320 524 1377 genere
548 1304 741 1377 frangendum
769 1302 914 1373 intelligit,
927 1304 1013 1374 jubet
1025 1302 1124 1357 invida
1179 1304 1261 1358 furor
1275 1309 1305 1358 et
1328 1301 1419 1359 stulta
1434 1302 1572 1359 vesania!
1589 1304 1699 1359 Corvus
1718 1303 1879 1375 obsequitur,

301 1392 385 1432 mens
399 1375 518 1431 lenioris
533 1378 615 1430 strati
632 1374 725 1430 fulcra
751 1373 901 1440 substitui,
918 1391 951 1429 ac
981 1372 1124 1429 blandiori
1179 1380 1344 1440 veneratur,
1375 1375 1519 1430 Decianus
1546 1376 1741 1447 persequitur,
1766 1391 1814 1432 nec
1845 1392 1887 1430 eru

301 1464 370 1503 oiim
386 1445 486 1518 requie
501 1444 850 1512 conioi¹eri2scilicet,utsi
861 1450 959 1501 amoto
971 1444 1124 1517 paululum
1178 1444 1408 1501 velleseadhuo
1425 1447 1503 1501 lerox
1531 1446 1662 1518 perdere,
1692 1462 1776 1518 quem
1798 1462 1890 1502 mansu

301 1517 450 1586 carnifice,
465 1517 594 1573 animam
610 1516 727 1589 quietus
742 1515 900 1583 exhalaret,
908 1515 1054 1572 diceretur
1066 1532 1124 1571 non
1180 1515 1310 1573 bestialis
1328 1517 1427 1572 ieritis
1442 1519 1593 1589 satagebat
1606 1521 1763 1591 protegere.

302 1605 366 1645 esse
381 1588 505 1657 occisus,
522 1588 572 1644 sed
596 1592 744 1644 mortuiis:
762 1587 847 1659 quasi
875 1605 931 1642 non
957 1604 1025 1643 eom
1040 1603 1125 1659 piena
1213 1586 1282 1642 Cin.
1297 1587 1358 1642 Vll.
1370 1619 1403 1629 -
1419 1587 1501 1643 Unde
1516 1587 1551 1644 ad
1577 1586 1762 1645 occulendam
1780 1588 1890 1659 martyri

302 1659 469 1734 peremerit,
486 1675 553 1716 cum
568 1676 625 1731 quo
635 1664 664 1715 et
678 1676 764 1732 poena
779 1657 866 1715 simul
884 1659 1012 1729 perierit.
1180 1658 1318 1727 damnon
1325 1660 1388 1729 jani
1398 1663 1551 1725 secretum,
1564 1661 1613 1716 sed
1622 1659 1799 1743 profundum
1814 1656 1890 1731 elegit

338 1734 405 1787 Gne.
417 1732 451 1786 V.
468 1731 629 1787 -lnterea
644 1731 762 1785 beatum
784 1729 971 1785 Vincentium
999 1727 1125 1784 coelestis
1179 1729 1668 1801 denssibiaddelitescendsmequs
1680 1729 1798 1802 gloriam
1809 1729 1890 1786 noncl

303 1802 372 1859 auls
381 1801 515 1874 suscipit,
531 1819 564 1857 ae
575 1802 664 1857 beata
680 1800 827 1857 felicitatis
838 1817 958 1855 munere
967 1800 1066 1855 donat.
1082 1799 1126 1854 Ad
1145 1820 1168 1885 B
1183 1800 1270 1856 tidem
1278 1806 1437 1867 servatura,
1450 1801 1500 1857 sed
1511 1802 1614 1857 maria:
1626 1801 1710 1874 quasi
1718 1801 1852 1857 nunidem
1861 1800 1890 1857 eli

303 1871 1130 1946 cujusingrassumangelicilatoniurspiritos‚omnesque
1183 1871 1418 1936 dominiisesset,
1435 1889 1485 1944 per
1500 1888 1587 1953 quem
1604 1873 1715 1929 dudum
1727 1870 1752 1928 ei
1771 1871 1884 1928 carceris

303 1943 393 2001 simol
405 1942 733 2015 concisesgrotulantur
748 1944 851 1998 sancti.
864 1942 980 2014 Nosque
993 1939 1047 1997 tibi
1061 1958 1128 2023 gra·
1182 1941 1290 1998 celesti
1317 1941 1429 2016 fulgore
1454 1944 1565 1999 radiata
1592 1942 1772 2000 minuissent.
1792 1943 1877 1999 Datur

302 2015 359 2072 tias
375 2014 502 2087 agimus,
518 2014 640 2070 Domine
651 2017 731 2083 Jesu,
749 2015 826 2095 quod
850 2014 950 2069 aalma
972 2018 1024 2068 tuo
1039 2014 1129 2139 di5na
1183 2014 1375 2087 mergendum
1390 2014 1532 2086 corpusin
1545 2015 1692 2084 flactibus,
1708 2020 1741 2070 ut
1753 2014 1890 2070 adauxilii

303 2085 536 2158 consortiaque
556 2085 687 2158 pertinax
707 2086 776 2140 tulit
797 2085 986 2157 supplicium,
1003 2099 1071 2139 men
1093 2101 1128 2138 ax
1182 2084 1890 2157 iemaequorapioiieeicni,ouiadvincendumchii

304 2158 379 2231 lugit
393 2156 567 2229 obsequium
581 2174 588 2223 ς
604 2161 633 2211 θῖ
647 2173 711 2228 quie
729 2156 783 2212 luit
807 2161 945 2211 contenta
961 2161 1130 2227 persecutor
1182 2153 1263 2211 litem
1274 2162 1351 2212 terra
1367 2157 1528 2213 defecisset
1547 2156 1713 2231 Eaavigotis
1737 2158 1832 2229 itaque
1847 2173 1890 2212 ma

302 2228 381 2302 qnod
395 2227 515 2296 fureret,
531 2227 570 2284 sit
582 2227 739 2300 dedignata
754 2228 830 2299 qnod
847 2232 988 2298 parceret.
1006 2226 1128 2298 Cognito
1181 2227 1333 2353 perterreti
1343 2228 1518 2301 gurgitibus,
1533 2226 1890 2301 projectuminterscrbenl

292 2300 311 2357 .i
335 2300 393 2356 'tor
407 2302 508 2356 sancto
523 2299 548 2369 ej
554 2316 587 2354 os
603 2298 742 2355 abscessu
752 2299 845 2369 judex
864 2298 997 2364 insanus,
1015 2301 1045 2353 et
1060 2296 1129 2369 quia
1202 2315 1234 2353 aa
1251 2304 1466 2371 prepotensest
1478 2299 1528 2355 Dei
1542 2299 1888 2371 dexteraconseciitu,etq

301 2317 435 2428 cbristus
446 2369 566 2427 vicisset
574 2370 603 2424 in
615 2369 766 2425 Vincentio
777 2371 816 2437 (t)
826 2369 960 2424 nesciens
970 2370 1126 2450 Decianus,
1181 2369 1682 2453 ritumintuleratineoelum,eorpus
1692 2371 1890 2427 moriretulitai

300 2442 382 2500 illius
392 2440 449 2499 sibi
461 2441 606 2514 promittit
615 2440 1127 2513 cadaverisexpositioneviadlatam,
1181 2457 1274 2496 eruin.
1291 2442 1337 2497 Sic
1350 2442 1519 2514 prodiretur
1531 2441 1672 2508 veritatis,
1685 2442 1865 2507 charissimi,
1879 2459 1890 2497 ii

303 2516 390 2588 eujns
404 2513 494 2588 gemit
508 2529 544 2569 ex
555 2512 663 2568 virtute
685 2511 847 2568 victoriam.
866 2511 945 2568 Feris
956 2527 1084 2583 namque
1098 2515 1127 2566 et
1181 2516 1347 2568 mentorum
1371 2512 1498 2568 vincitur
1524 2513 1628 2585 pomis,
1645 2530 1699 2569 aee
1718 2514 1890 2570 tenebrosis

304 2585 428 2644 canibus
442 2585 563 2667 decepta
573 2583 824 2655 liirorisauperbia
835 2582 1052 2638 absumendum
1063 2599 1128 2653 pro·
1181 2587 1342 2654 superatur
1355 2582 1551 2657 angustiasti)
1563 2584 1624 2639 Non
1635 2584 1767 2641 abestiis
1777 2583 1890 2641 dilaniat

301 2656 354 2731 J'ici
368 2655 489 2715 mandat
502 2654 673 2735 lictoribus:
691 2659 723 2709 ut
737 2653 787 2709 tali
803 2658 888 2725 pasin
913 2652 1127 2724 eornmimplo·
1181 2654 1325 2779 profundo
1339 2654 1459 2722 celatur,
1476 2612 1526 2710 seb
1542 2655 1631 2710 littori
1647 2654 1890 2728 redditor,praeco

304 2732 349 2785 rot
362 2730 494 2783 ventrem
511 2741 636 2797 quorum
651 2741 713 2796 ipse
727 2725 846 2797 gerebat
871 2729 1008 2779 mentem.
1024 2723 1079 2778 Sed
1095 2728 1128 2779 ut
1193 2725 1639 2798 ematur,utquivereconlessus
1650 2727 1890 2783 lueratnomenl

304 2798 412 2855 divinis
425 2795 658 2855 excrescentibus
681 2795 830 2851 benefieiis
857 2794 977 2866 majoris
1000 2794 1132 2849 victorini
1179 2797 1300 2853 vei-itata
1315 2797 1369 2852 sibi
1379 2797 1480 2853 edesse
1490 2797 1669 2870 experiretur
1683 2798 1796 2854 divinia
1815 2798 1888 2854 sulla

302 2867 456 2926 Vincentio
469 2867 608 2941 gratiam)
619 2864 938 2931 conferretur,mittitor
948 2868 1126 2933 corrosoriis
1180 2867 1291 2924 nitatis.
1308 2868 1398 2939 Cujus
1412 2867 1569 2941 gloriosam
1586 2869 1691 2925 virtute
1701 2869 1800 2926 vitam
1823 2871 1890 2943 itaq

225 2980 228 2985 «
305 2939 399 2999 amica
413 2937 767 3010 cadaveribus-expositas
782 2936 911 3008 corporis
923 2938 1014 3010 dapes
1029 2953 1125 2993 serva·
1181 2939 1284 2994 mortis
1327 2940 1398 2994 ratio
1423 2938 1578 3007 decoravit,
1596 2945 1627 2995 ut
1650 2941 1727 3012 quod
1754 2940 1883 2997 vivendo

305 3011 496 3085 turajejuna.
1181 3009 1292 3065 morien
1315 3027 1332 3065 o
1358 3015 1526 3066 constanter
1541 3012 1575 3077 (c)
1599 3015 1750 3068 astrueret
1770 3017 1890 3084 eratque

339 3083 404 3139 Car.
420 3080 467 3138 Vl.
483 3111 518 3122 -·
532 3078 615 3145 Hinc,
631 3076 1012 3147 iratresdilectissimi,binc
1027 3078 1126 3135 adver·
1180 3080 1885 3155 queusquateiiusadeiusvisionempermortem

262 3178 268 3186 ·
303 3156 355 3230 tite
367 3152 506 3210 distincta
520 3153 691 3207 meritorum
715 3150 864 3222 obsequia.
883 3150 958 3205 illias
973 3150 1160 3253 quondamc
1180 3153 1890 3228 rat‚quemprobabilisvitacoaversationesemp

303 3227 344 3283 im
366 3225 409 3282 ias
420 3223 519 3284 achat
533 3222 577 3279 vel
593 3220 736 3278 lezabelis
752 3237 857 3278 meniis
873 3228 956 3277 cante
972 3222 1123 3277 declinans
1178 3226 1259 3280 tatus
1272 3224 1395 3281 luisset:
1410 3225 1505 3280 sciens
1520 3226 1598 3297 quod
1612 3226 1649 3282 de
1666 3230 1849 3301 contemptu
1865 3245 1890 3301 pi

302 3243 429 3372 (llblleq.
442 3295 520 3367 xcii),
531 3293 683 3351 indeserto
694 3291 787 3375 coriis
797 3292 1034 3375 ministrantibus
1045 3294 1123 3350 48⁰
1176 3294 1240 3349 vita
1257 3293 1351 3368 gloria
1366 3295 1461 3368 surgit
1486 3295 1677 3354 beatitudinis
1700 3301 1843 3355 aterna:
1861 3316 1890 3372 pi

300 3367 571 3444 pascitur;assertor
585 3369 683 3420 autem
694 3367 825 3420 veritatis
839 3364 1009 3420 Vincentius
1025 3364 1124 3421 Dacia·
1177 3366 1299 3423 Domino
1316 3371 1414 3423 nostro
1429 3367 1500 3424 iesu
1514 3366 1641 3434 Christo,
1655 3368 1707 3441 qui
1721 3369 1802 3426 vivit
1818 3376 1852 3428 et
1868 3389 1890 3426 ri

301 3441 331 3497 ni
346 3438 427 3496 rabie
440 3440 621 3512 peremptus,
638 3435 706 3492 ieris
721 3435 876 3509 exponitur
890 3436 1121 3504 consumendum
1176 3436 1206 3492 in
1222 3436 1329 3494 secula
1345 3438 1532 3495 seculorum.
1546 3441 1652 3495 Amen.

347 3581 363 3620 a
388 3562 476 3619 Godd.
491 3559 605 3627 Vallia,
622 3559 759 3615 Cucurrit.
1212 3559 1250 3632 (d)
1267 3560 1298 3616 ln
1313 3560 1415 3617 eadem
1431 3561 1570 3635 append,
1585 3562 1642 3618 Non
1664 3561 1764 3619 bestiis
1790 3565 1890 3637 projci

334 3563 363 3705 ib
388 3634 436 3692 Sic
450 3648 486 3689 ex
499 3648 566 3705 app.
582 3634 626 3687 Au
648 3673 655 3686 .
670 3629 726 3699 ai,
738 3631 854 3687 nemas.
1175 3633 1281 3688 niatnr.

336 3708 361 3779 (c
382 3707 456 3789 bpp.
472 3706 557 3778 Aug,
570 3647 735 3776 confiscatur.
752 3700 841 3757 Paulo
864 3704 939 3772 post,
953 3701 1069 3756 inimica
1080 3717 1123 3757 ca·
1211 3703 1246 3846 δὲ
1261 3701 1318 3768 ΑΙ..
1333 3704 1493 3759 astruxerit.

300 3778 457 3835 decenbris
1259 3776 1334 3846 App.
1349 3775 1423 3848 hug.
1440 3773 1531 3843 addit,
1546 3777 1627 3832 beia.

789 4029 990 4087 aunuatim
1009 4030 1046 4087 IN
1065 4031 1280 4097 sabbatismi
1301 4032 1511 4091 SERMONEM.

333 4159 496 4231 Sequentem
508 4170 659 4212 samonem
674 4155 757 4209 Leoni
771 4154 934 4224 inscriptam
947 4156 1111 4226 ansnellus
1124 4173 1140 4212 c
1153 4158 1308 4213 Parisicnsi
1319 4156 1409 4213 codice
1422 4159 1554 4214 metitum
1567 4175 1616 4216 sen
1629 4160 1684 4230 fine
1698 4165 1865 4233 caper-tem
1881 4183 1890 4220 i

299 4234 435 4303 inthrum
449 4245 463 4285 e
477 4243 541 4283 mss.
560 4228 615 4282 l'at.
633 4227 696 4280 1271
713 4233 738 4280 ct
752 4226 1009 4296 simpiniacum,
1026 4228 1131 4299 aliquot
1154 4230 1258 4285 scilicet
1286 4229 1421 4300 capitibus
1449 4229 1562 4297 adstiti,
1577 4247 1637 4303 qnae
1659 4247 1724 4286 cam
1749 4236 1890 4291 anteced

262 4302 265 4306 ’
298 4303 369 4375 stylo
378 4309 404 4358 et
417 4300 497 4356 reue
507 4299 573 4370 ipsis
587 4296 731 4362 cohaerent,
748 4312 948 4352 assensionem
960 4298 1117 4369 pcritcinnt.

331 4372 405 4431 idem
420 4370 577 4440 Qacsncllns
592 4367 656 4424 haic
667 4369 786 4423 sermoni
801 4368 944 4423 monitum
959 4370 1208 4442 praemisitque&
1225 4372 1309 4426 Laeui
1322 4370 1447 4426 camdem
1468 4387 1587 4427 asserere
1609 4373 1684 4428 iiiii
1708 4381 1750 4429 cst
1761 4394 1774 4429 .·
1794 4398 1813 4425 «
1836 4377 1886 4432 Su

296 4449 366 4512 tem,
382 4445 482 4516 inquit,
497 4442 532 4497 de
545 4441 574 4496 S.
591 4438 665 4496 Petri
680 4439 1014 4507 cathedrasermonem,
1032 4457 1120 4513 quem
1157 4440 1253 4497 ublico
1272 4442 1388 4509 damus,
1406 4442 1604 4513 suppeditavit
1629 4444 1714 4500 nobis
1740 4452 1846 4502 vetus
1866 4465 1890 4503 oi

295 4514 477 4572 bibliotheca
493 4514 532 4569 lie
554 4511 586 4567 isi
597 4527 719 4567 numero
733 4512 781 4566 341
801 4516 927 4580 notatus,
944 4528 1050 4583 exque
1066 4530 1083 4567 a
1099 4458 1182 4569 nobis
1202 4513 1366 4584 descriptus
1380 4516 1435 4568 est.
1454 4514 1557 4570 Leonis
1573 4530 1678 4570 nomen
1695 4517 1883 4589 praefixum

295 4587 394 4643 codice
410 4586 464 4641 hcc
476 4528 581 4639 niodgo:
597 4583 627 4637 ln
641 4581 770 4664 cutlicilra
785 4581 812 4637 S.
823 4584 907 4663 'Petri
920 4584 1038 4664 apostoli
1050 4599 1137 4638 sermo
1152 4583 1179 4638 S.
1194 4587 1289 4640 monis
1301 4599 1398 4654 papa,
1413 4599 1467 4640 nee
1481 4585 1685 4658 dubiumquin
1696 4589 1821 4657 nostri,
1835 4607 1890 4662 qu,

296 4661 324 4712 st
343 4656 371 4712 lo
384 4654 560 4728 deprehendi
593 4658 730 4725 etesi,qui
741 4653 869 4708 Leonmo
879 4669 1032 4709 concinere
1047 4653 1246 4710 mihiomnino
1258 4655 1373 4711 videtur
1384 4672 1391 4721 ;
1404 4672 1456 4710 nec
1467 4656 1629 4730 quidquam
1638 4659 1777 4714 occurrit
1790 4664 1890 4720 unde

295 4674 366 4783 tibet
381 4730 480 4782 nostro
495 4672 654 4796 abiuibicari
671 4725 783 4806 debeat.
800 4723 859 4780 lloc
875 4741 945 4803 sane
959 4728 1040 4805 extra
1052 4724 1175 4780 dubium
1190 4724 1301 4781 dietum
1317 4741 1381 4782 esse
1397 4725 1495 4782 Roma
1511 4731 1570 4783 eta
1590 4728 1722 4786 Romano
1751 4729 1883 4804 aliquo

294 4796 386 4854 istum
401 4812 576 4854 sermonem.
593 4799 625 4850 ut
638 4811 672 4849 ex
689 4795 821 4867 pluribus
837 4794 907 4850 loeis
922 4811 1004 4866 argui
1022 4801 1158 4867 potestat
1174 4796 1272 4868 plures
1284 4795 1405 4869 phrases
1421 4814 1562 4869 vocesque
1574 4799 1661 4856 Leoni
1677 4799 1876 4860 familiares

295 4868 363 4925 niri.
380 4866 591 4939 Petrus,inquit
604 4866 668 4932 iste,
679 4867 778 4936 populo
791 4866 841 4920 Dei
854 4866 982 4935 praeiitiiis
997 4874 1055 4927 cst:
1070 4883 1134 4938 que
1148 4883 1212 4933 vox,
1230 4868 1259 4924 in
1275 4885 1307 4924 eo
1324 4868 1489 4940 significatu
1506 4887 1580 4936 rara,
1598 4870 1706 4944 legitur
1721 4872 1757 4927 iii
1775 4874 1890 4946 (epist⁴

294 4940 414 5012 it),0.11
429 4955 436 4994 :
449 4940 573 5008 Qaierpc
583 4935 905 5016 sciiseqaitnsdumesse
933 4941 1102 5008 repositam,
1112 4955 1168 4995 nen
1176 4940 1286 4996 moleste
1300 4941 1564 5012 scrctcltqncmsiti
1572 4956 1629 4998 csse
1639 4944 1829 5028 prestetum.
1844 4946 1890 5019 lg

294 5010 413 5069 lestium
428 5009 694 5090 spirituumcoetus
708 5006 756 5090 hic
772 5005 886 5090 laudat:
903 4954 1023 5063 ssaulum
1037 5011 1217 5093 iqnitamcor
1230 5013 1327 5082 igniri,
1342 5009 1478 5082 Spiritum
1492 5017 1618 5068 sanctam
1633 5016 1883 5086 eqnirc,scribit

294 5084 324 5139 in
340 5083 457 5140 dissert.
472 5084 491 5137 2
506 5084 631 5136 notatis:
649 5082 757 5135 Gratia
771 5078 875 5136 diuinae
890 5079 1014 5151 largitas,
1030 5082 1144 5137 sinister
1157 5080 1300 5138 hederam
1322 5099 1464 5151 carneriis,
1480 5087 1561 5140 ccatn
1575 5087 1708 5157 provisio,
1726 5088 1881 5145 incauta

291 5155 468 5227 frementium
483 5153 633 5209 bestiarum
648 5149 768 5212 insidias,
785 5153 1066 5218 mercennariam
1081 5152 1180 5224 plures
1195 5154 1242 5208 alii
1260 5152 1397 5223 loquendi
1410 5155 1488 5208 modi
1502 5154 1628 5212 monem
1643 5163 1886 5230 representari

291 5225 409 5297 seriptis
424 5223 559 5282 similiter
568 5222 818 5303 loquentemouie
829 5219 859 5275 in
873 5222 1071 5279 istosermone
1082 5225 1118 5280 de
1130 5234 1218 5280 cantu
1230 5225 1527 5298 ecciesiasticodeqoe
1536 5233 1640 5284 ornatu
1651 5227 1890 5302 templorum*

291 5296 517 5369 nemo,·opinor,
532 5291 702 5350 recentioris
717 5297 810 5347 atatis
826 5292 968 5349 indicium
984 5310 1049 5350 esse
1064 5312 1099 5352 su
1121 5302 1219 5370 garet:
1236 5296 1272 5351 da
1285 5299 1373 5351 cantu
1389 5294 1467 5351 enim
1484 5313 1522 5352 sas
1544 5314 1560 5353 θ
1575 5298 1713 5355 meminit
1730 5300 1766 5356 S.
1791 5301 1890 5370 Leo,

291 5385 357 5425 vcro
368 5367 544 5441 templorum
553 5365 583 5421 in
596 5364 706 5445 lestinis
717 5364 820 5420 diebus
830 5380 903 5420 usur
925 5370 1006 5421 atum
1017 5366 1060 5423 vel
1074 5311 1155 5423 subus
1169 5368 1204 5422 lo
1218 5368 1307 5439 (nuno
1320 5365 1364 5438 tl)
1380 5382 1477 5422 sermo
1487 5373 1514 5422 S.
1569 5369 1643 5437 onis,
1676 5370 1707 5426 ui
1723 5372 1778 5428 est
1798 5372 1852 5428 de
1875 5375 1890 5436 ί

290 5440 367 5494 sima
380 5436 597 5507 tertius,statim
613 5436 649 5492 ab
662 5435 744 5492 initio
759 5435 891 5516 probata
905 5382 1010 5492 boonis
1026 5442 1110 5494 atate
1125 5454 1183 5494 non
1197 5454 1262 5494 esse
1274 5437 1594 5495 alienumFestivitatis
1609 5388 1768 5498 Catbedrae
1783 5444 1890 5498 antii

290 5509 407 5576 seritur,
423 5515 486 5565 tum
501 5527 535 5565 ex
550 5507 688 5564 laterculo
704 5510 877 5580 perantiquo
890 5508 966 5578 apud
990 5508 1137 5580 AEgidium
1161 5508 1350 5574 Eucherium,
1365 5509 1394 5564 ia
1419 5525 1476 5590 quo
1503 5509 1544 5565 ita
1557 5510 1684 5569 habetur
1703 5531 1710 5569 :
1730 5526 1798 5571 viri
1821 5514 1890 5570 isal

291 5579 388 5636 Nntnlc
402 5582 477 5634 Petri
488 5582 520 5635 dc
534 5578 689 5642 cathedras
704 5585 778 5646 tuni,
795 5583 824 5632 et
838 5578 946 5632 certius
961 5579 1092 5648 quidem,
1109 5597 1143 5636 ex
1158 5596 1268 5634 canone
1282 5583 1318 5635 22
1332 5579 1445 5635 concilii
1460 5581 1642 5638 Turonensis
1658 5583 1729 5639 list
1749 5582 1865 5641 enim
1889 5605 1890 5610 ¹

289 5648 380 5721 poris,
398 5649 453 5704 hoe
468 5654 513 5703 est
527 5667 603 5705 anno
617 5649 723 5704 Christi
739 5648 947 5720 5dd,agebetur
960 5648 989 5703 ia
1006 5648 1297 5724 GalliisJampridem
1310 5651 1398 5707 dubio
1413 5652 1512 5723 procul
1524 5652 1554 5709 in
1571 5653 1700 5712 Ecclesia
1716 5655 1890 5713 Romans

290 5719 443 5774 debuerat.
460 5719 553 5771 lmrno
567 5721 655 5773 etiam
671 5720 700 5773 in
716 5719 865 5773 Gallicana
880 5718 1033 5788 antiquam
1045 5720 1109 5789 jam
1132 5726 1194 5776 tum
1209 5722 1301 5777 luisse
1323 5724 1427 5793 probat
1450 5722 1528 5778 idem
1549 5740 1653 5781 canon.
1669 5726 1890 5800 superstitis

290 5791 411 5862 propter
425 5803 499 5867 quas
512 5790 686 5870 resecandas
698 5791 829 5845 sancitus
844 5795 961 5851 estnon
977 5790 1034 5845 nisi
1047 5795 1113 5861 post
1124 5792 1212 5864 longa
1223 5793 1261 5848 ab
1275 5775 1354 5849 ithus
1370 5793 1434 5848 festi
1444 5793 1628 5853 institutione
1638 5803 1843 5871 temporum
1863 5817 1890 5854 s

289 5874 358 5933 pera
368 5872 490 5929 caepisse
505 5857 653 5929 probabile
664 5864 720 5919 est.
732 5859 897 5934 Addequcd
906 5859 966 5918 hac
976 5860 1221 5935 primisheclesia
1230 5862 1710 5939 temporibussignitcoasuetudo,
1725 5871 1890 5928 uicos-ui
