4050 6175
129 292 167 372 iit
535 290 745 356 aseraule
766 288 986 358 assensus
1008 288 1049 354 iil
1071 288 1177 354 HANG
1197 288 1428 356 salmensis.
1794 298 1835 363 96

130 424 322 508 masadda
348 424 478 502 minutis
506 443 570 490 non
598 422 919 508 meminensque
944 433 1110 491 masuram
1121 429 1190 489 'non
1203 423 1350 507 exiguam
1378 424 1493 506 mereri
1516 423 1584 492 risa
1597 425 1685 494 santi
1711 430 1747 496 ld
1760 449 1832 497 cnm

131 546 188 610 pro
212 526 372 590 varietate
398 532 431 589 et
453 525 639 592 difficultate
665 542 781 601 rerum,
798 525 831 586 in
859 544 930 606 qnoe
959 524 1145 600 Onesnellus
1168 524 1317 599 excurrit,
1342 525 1517 606 longiorem
1542 527 1779 600 meditationem
1794 529 1842 594 ac'

130 626 236 706 pluroe
261 624 500 692 ohservationes
526 624 713 705 postularet,
738 624 783 699 id,
813 625 956 705 inquam,
983 622 1181 705 potissimum
1209 622 1240 684 in
1271 635 1366 685 causa
1394 624 1455 687 luit
1479 625 1710 691 uthmceditio
1728 631 1848 694 'serius

130 741 225 806 qnam
239 723 334 786 initio
349 723 537 790 credebatur
552 723 634 804 typis
649 722 798 788 mandari
810 723 959 803 potuerit.

166 824 264 886 xvir.
294 821 343 883 nd
372 821 584 904 prolixitatem
613 838 688 902 sero
715 820 970 884 dissertationum
998 817 1155 893 Ouesnelli
1184 836 1203 880 a
1231 818 1366 901 Dupiniu
1396 823 1538 882 numum
1567 822 1653 901 quod
1681 825 1831 904 pertinet,

131 940 182 983 eas
195 920 309 983 multis
336 919 522 1000 protrahere
549 919 610 1000 ipsi
636 920 823 999 plerumque
851 916 1062 981 necessarium
1076 916 1147 978 luit.
1163 917 1241 978 Cum
1269 915 1354 979 enim
1368 917 1402 979 in
1417 918 1582 999 permultis
1602 920 1667 982 suis
1685 921 1835 987 'thesibus

132 1025 262 1084 careret.
281 1018 454 1099 exploratis
482 1018 656 1081 rationibus
682 1022 714 1079 et
741 1015 949 1092 documentis,
980 1034 1051 1096 quas
1081 1014 1134 1078 ubi
1164 1015 1290 1091 adsunt,
1307 1015 1347 1077 ad
1376 1036 1442 1079 rem
1457 1017 1707 1084 concludendam
1731 1039 1834 1101 pauca

132 1118 306 1191 sufficiunt,
336 1116 378 1179 ad
406 1115 489 1178 solas
517 1114 762 1195 conjectationes
788 1132 904 1194 easque
928 1113 1101 1176 imbecilles
1129 1113 1373 1194 confugiendum
1400 1115 1477 1176 fuir.
1499 1118 1577 1178 Gum
1606 1135 1700 1198 porro
1725 1126 1835 1182 acutus

131 1215 226 1290 homo
254 1214 448 1294 intelligeret
474 1214 543 1287 has,
574 1213 601 1276 si
629 1230 737 1293 paucae
766 1213 830 1274 sint
856 1220 888 1274 et
915 1212 1025 1293 paucis
1055 1215 1284 1292 proponantur,
1328 1213 1494 1274 minimum
1524 1215 1627 1294 posse,
1656 1215 1836 1297 complures

131 1315 225 1386 simul
254 1331 428 1393 congerere
454 1312 584 1383 studuit,
615 1330 731 1392 easque
759 1310 951 1373 itainvicem
979 1309 1141 1391 colligare,
1157 1317 1189 1372 et
1203 1309 1335 1373 eruditis
1362 1311 1534 1374 identidem
1563 1312 1837 1386 notitiis,·dlcendi

132 1411 434 1486 adeacsuhtitihus
452 1410 625 1498 ratiociniis
641 1410 774 1483 munire,
801 1414 837 1471 ut
864 1409 997 1472 lectores
1010 1408 1126 1471 sensim
1142 1412 1173 1470 et
1198 1409 1321 1471 facilius
1350 1408 1514 1484 illicerent,
1547 1429 1584 1473 ac
1608 1412 1642 1472 in
1667 1410 1737 1493 ejus
1763 1432 1836 1476 sen*

132 1511 267 1584 tentiam
294 1510 505 1573 attraherent.
535 1507 647 1576 lisdem
675 1507 814 1587 vestigiis
843 1507 998 1588 principio
1026 1507 1118 1570 uehis
1146 1524 1272 1588 qnoque
1302 1507 1521 1582 insistendum,
1538 1515 1570 1572 et
1594 1511 1757 1574 omniane
1771 1512 1856 1576 sin»-

133 1610 209 1691 gnla
235 1627 312 1690 quea
339 1626 506 1672 censuram
534 1612 679 1688 peterent
704 1607 876 1669 refellenda
898 1606 1099 1668 videbantur.
1129 1608 1168 1668 At
1194 1605 1256 1668 hac
1293 1605 1442 1669 methodo
1481 1606 1514 1668 in
1547 1608 1692 1670 eamdem
1729 1611 1836 1676 nimis

134 1705 327 1788 prolixitatis
353 1712 460 1772 noram
489 1705 718 1772 incidissemus.
748 1708 793 1768 Na
821 1723 895 1767 vero
921 1704 981 1766 hoc
1009 1704 1126 1768 laboris
1156 1710 1214 1766 aut
1241 1704 1437 1767 difficultatis
1463 1704 1659 1770 declinandae
1689 1709 1837 1778 credatur

133 1805 299 1884 effugium.
323 1804 529 1868 observamus
555 1803 719 1867 veritatem
736 1802 1011 1885 propugnantibus
1035 1802 1110 1863 satis
1123 1820 1191 1864 esse
1218 1801 1244 1863 si
1268 1803 1472 1883 capitolinae
1488 1803 1621 1866 tortiora
1647 1813 1837 1885 argumenta
1962 1858 1967 1867 .

133 1902 339 1968 murellant:
370 1901 419 1966 his
447 1901 533 1966 enim
560 1901 703 1978 sublatis,
733 1905 847 1964 cratera
875 1900 1005 1975 leviora,
1036 1919 1107 1980 quae
1121 1900 1233 1963 iisdem
1261 1901 1445 1978 iniciuntur,
1461 1919 1566 1983 perse
1591 1903 1718 1979 cadunt,
1739 1905 1838 1968 itaut

133 2000 267 2070 nmium
295 2000 415 2064 morosi
441 1999 678 2063 hominissltin
707 1997 756 2062 his
784 1999 985 2062 confutandis
1010 1999 1143 2062 lectores
1170 1998 1290 2061 diutins
1314 1998 1474 2062 distinere.
1503 2001 1669 2064 Verumin
1691 2003 1837 2085 hacipss

132 2098 466 2174 transumuntur,
495 2098 715 2162 imminutione
743 2097 964 2160 difficillimum
993 2115 1233 2177 nonnumquam
1250 2097 1318 2171 luit,
1340 2098 1423 2161 inter
1444 2098 1567 2162 multas
1591 2099 1838 2181 conjectationes

1 2268 2 2275 ἵ
135 2214 186 2260 ess
199 2215 379 2271 meamne,
407 2215 479 2278 qum
506 2196 657 2277 mpilales
684 2202 716 2259 et
743 2196 903 2277 precipue
931 2195 1112 2258 refellenda
1138 2202 1255 2258 essent.
1283 2196 1435 2258 lta-enim
1451 2198 1543 2277 plara
1557 2198 1743 2271 Ouesnellre
1757 2202 1839 2265 miro

138 2295 268 2364 artificio
292 2294 402 2376 jungit
426 2312 463 2358 ac
488 2294 608 2370 miscet,
626 2300 672 2356 ut=
687 2295 740 2356 nir
768 2293 933 2373 detegatur
961 2293 1038 2374 qnid
1065 2298 1204 2373 praestet.
1232 2295 1309 2358 Cum
1338 2295 1504 2375 proposuit
1527 2295 1676 2375 quasdam
1704 2297 1838 2376 leriam,

139 2393 251 2472 quibus
277 2392 380 2460 facilis
408 2396 490 2455 esset
513 2392 685 2472 responsio,
716 2390 853 2454 elabitur
879 2397 1009 2472 repente
1036 2397 1073 2452 ut
1099 2392 1221 2470 anguis,
1253 2395 1286 2454 at
1311 2392 1351 2453 ad
1378 2392 1441 2454 alia
1467 2393 1664 2468 transcurrit,
1694 2413 1766 2476 quse
1781 2398 1840 2460 etsi

137 2493 215 2576 rorte
243 2490 310 2554 sint
337 2490 456 2571 pariter
483 2489 578 2563 levin,
606 2488 1205 2570 gravioratamsnexantenedantihus
1231 2490 1390 2554 ¹ridentur.
1416 2493 1507 2552 Nunc
1531 2491 1703 2573 quaerendo
1733 2494 1840 2575 potius

137 2608 232 2671 qoem
261 2588 451 2656 affirmando
481 2588 696 2668 conjectatnr3
726 2606 811 2650 nune
838 2588 1006 2668 quaestioni
1034 2586 1111 2660 alies
1138 2588 1298 2650 interserit
1325 2589 1527 2670 questiones,
1542 2589 1592 2651 vel
1606 2588 1728 2652 saltem·
1742 2591 1842 2656 dubia

135 2688 283 2771 quamdam
309 2686 476 2768 inspergit,
504 2687 619 2766 quihus
645 2686 770 2765 longius
797 2693 830 2749 et
851 2686 1038 2768 eloquenter
1064 2686 1259 2768 subdoleque
1286 2683 1457 2768 productis
1475 2683 1621 2768 deceptio
1655 2703 1719 2751 non
1748 2690 1840 2758 iacile

133 2786 336 2868 dhcernitnr,
365 2790 396 2848 et
424 2783 623 2863 conjecturas
650 2783 840 2864 conjecturis
867 2784 1031 2864 adjiciens,
1061 2784 1147 2864 quod
1177 2785 1286 2867 paucis
1303 2779 1456 2848 ‘obtinens
1471 2801 1534 2854 non
1561 2783 1678 2866 potuit,
1695 2787 1841 2852 multitu·

133 2885 206 2948 dine
233 2902 269 2948 se
297 2886 541 2946 consecuturum
568 2881 708 2943 conlidit.
739 2883 774 2944 ln
804 2882 1029 2946 nisomninus
1058 2887 1167 2945 erecte
1191 2881 1405 2962 expendendis
1418 2877 1505 2946 etad
1520 2879 1607 2946 certa
1638 2885 1789 2965 pauciora
1805 2904 1842 2949 ac

133 2982 260 3065 potiora
287 2981 393 3062 capita
420 2978 615 3053 revocandis,
644 2998 685 3041 ne
707 2980 832 3060 longior
859 2980 1035 3042 confutatio
1063 2979 1258 3060 procederet,
1288 2987 1319 3042 et
1347 2981 1530 3048 lectoribus
1544 2981 1715 3050 fastidium.
1736 3001 1774 3046 ac
1801 3001 1838 3047 ex

135 3080 373 3163 multiplicitate
400 3079 615 3142 contusionem
644 3079 739 3141 etiam
761 3084 896 3160 pareret,
928 3085 1049 3159 quanta
1076 3079 1250 3143 attentione
1268 3078 1491 3160 'acdtligentie
1518 3081 1719 3162 oportuerit,
1748 3081 1852 3165 qais.

136 3200 198 3262 qne
226 3179 350 3263 peritus
376 3177 543 3258 intelligat.
571 3177 662 3250 Quod
688 3177 764 3239 siin
790 3176 840 3239 his
865 3176 1041 3258 potioribus
1068 3177 1223 3259 capitibus
1250 3173 1430 3241 refellendis
1454 3174 1693 3243 ¹observationes
1722 3187 1841 3245 nostm

137 3279 302 3359 longiores
327 3294 570 3357 nonnumquam
598 3274 736 3355 cuipiam
762 3275 965 3349 ndsbuntur,
979 3276 1009 3337 is
1034 3276 1211 3338 consideret
1239 3277 1330 3357 plura
1339 3274 1460 3358 'sapim
1487 3272 1659 3339 desiderari
1680 3277 1840 3342 adrerin·

137 3378 274 3443 amdam
301 3392 398 3455 quam
427 3374 468 3436 ad
493 3373 735 3453 proponendum
763 3390 914 3436 errorem.
940 3374 1095 3454 iiaporro
1123 3374 1208 3436 incili
1236 3370 1405 3457 partitione
1433 3370 1636 3439 'acmethodo
1651 3381 1788 3452 ntsmnr,
1805 3383 1844 3442 ut

138 3476 237 3537 lector
263 3473 372 3534 statim
400 3470 556 3549 intelligat
582 3470 659 3551 quid
687 3476 811 3551 agatur,
840 3476 942 3533 etcur
969 3470 1306 3552 prolixiordisputatiu
1335 3472 1518 3535 uaesana
1537 3469 1633 3537 'tuerit
1658 3474 1864 3555 inquibus*¹

138 3572 213 3634 dum
240 3569 410 3653 aeplitius,
440 3588 479 3630 ex
493 3568 607 3649 quihus
634 3574 762 3631 caetera.
777 3568 927 3650 pendent.
956 3569 1138 3650 Speremus.
1154 3586 1228 3632 raro
1255 3569 1315 3632 hae
1330 3571 1451 3632 ratione
1475 3570 1638 3650 cognitum
1652 3570 1702 3645 iri,
1719 3591 1788 3646 nos,
1806 3578 1843 3635 nt

138 3671 298 3745 interiisti,
327 3673 484 3749 quantem
511 3666 580 3729 lieri
607 3672 744 3748 potarat,
773 3667 1019 3743 consuleremus,
1049 3667 1129 3728 nilrll
1144 3664 1344 3747 ⁴prseteriisse
1373 3668 1458 3748 quod
1485 3667 1620 3748 capitale
1647 3674 1747 3742 asota
1772 3670 1842 3732 sola

140 3775 249 3833 autem
279 3767 464 3840 minutiore,
502 3784 574 3846 qum
602 3765 778 3847 potioribus
805 3766 936 3828 divulsis
962 3771 1126 3838 corruunt,
1153 3765 1226 3846 jure
1254 3766 1443 3845 neglexisse.
1474 3765 1564 3840 Quod
1591 3766 1616 3828 si
1632 3766 1792 3848 'quadam
1821 3785 1842 3831 a

138 3865 305 3940 omnnio
318 3865 355 3927 in
376 3862 647 3927 dhmrtalionibus
661 3863 781 3926 inserta
794 3864 986 3945 peculiarem
1000 3882 1168 3926 censuram
1181 3862 1398 3946 postulabunt,
1415 3860 1534 3946 quae'in
1551 3870 1702 3927 contextu
1715 3872 1840 3929 noema·

135 3984 206 4029 rnm
231 3964 489 4029 observationum
516 3962 557 4024 nd
585 3962 725 4042 singulas
753 3962 990 4025 dissertationes
1017 3968 1232 4043 opportunum
1262 3962 1367 4028 locum
1396 3980 1460 4026 non
1486 3962 1659 4039 insanient,
1685 3982 1837 4029 censum

135 4061 306 4144 ejusmodi,
320 4079 364 4125 ne
387 4060 465 4142 quid
490 4060 703 4125 necessarium
730 4059 822 4135 desit,
837 4059 870 4122 in
899 4060 1169 4135 annotationibus,
1186 4078 1257 4141 que
1282 4060 1394 4124 iisdem
1423 4058 1700 4145 tecle-alligentur,
1729 4064 1841 4146 paucis

136 4158 362 4227 indicabimus.
1133 4156 1135 4159 ’

173 4257 288 4321 thtl.
300 4255 479 4323 Richardns
493 4254 616 4329 Simon,
642 4254 733 4335 cujus
747 4254 844 4335 paulo
858 4259 932 4317 ante
946 4253 1161 4329 meminimus,
1177 4254 1217 4316 de
1246 4254 1469 4329 Quesneltiana
1496 4258 1530 4320 S.
1561 4256 1674 4319 menis
1693 4255 1841 4323 editions

139 4353 358 4423 tesmonium
386 4353 486 4433 ponit,
502 4353 588 4434 quod
602 4352 664 4415 hoc
690 4353 759 4415 loco
786 4352 872 4415 haud
898 4351 1202 4433 pretermittendum
1228 4356 1387 4434 putamus.
1416 4353 1557 4419 Rccitato
1578 4353 1761 4435 elogioquo
1774 4357 1840 4418 ltu·

134 4451 241 4533 pinius
254 4450 415 4529 melli
428 4450 669 4515 dimertetionesz
689 4451 977 4527 commendaverat,
1007 4450 1079 4513 hac
1103 4448 1251 4531 subjicite
1281 4449 1431 4513 L‘edinoa
1460 4451 1508 4514 des
1535 4450 1670 4515 OEnsrcs
1696 4450 1733 4514 de
1759 4453 1841 4515 ruine

132 4550 218 4617 Lern
239 4547 437 4633 podtr'tesow
451 4548 479 4612 le
494 4568 563 4611 nnn
578 4547 625 4611 du
638 4548 677 4611 P..
695 4549 821 4626 Onerosi
845 4550 948 4612 mirsia
975 4566 1057 4612 sons-
1071 4547 1159 4610 mose
1187 4557 1257 4610 cette
1284 4546 1436 4630 loannes-r
1462 4567 1537 4613 moa
1566 4549 1593 4611 te
1621 4546 1842 4614 taltimtecoire
1869 4591 1872 4597 -

131 4649 575 4730 rapaanmeesonnrnqe
588 4656 630 4709 est
643 4648 720 4709 sorti
731 4646 769 4709 de
775 4647 925 4730 plusieurs
933 4648 1046 4710 *moena
1076 4647 1119 4709 Le
1144 4645 1186 4707 Ρ.
1216 4646 1353 4723 Ooesoet
1366 4665 1401 4709 sn
1428 4664 1448 4710 o
1475 4644 1613 4711 ramesd-
1633 4644 1749 4711 dame
1766 4649 1840 4733 plus·
1871 4694 1872 4699 η

128 4747 228 4809 siem
255 4746 364 4809 arm&
389 4745 430 4809 lea
454 4747 644 4825 motdrrouc,
666 4747 722 4827 qui
746 4745 793 4807 lei
816 4746 920 4828 swam
945 4745 1064 4828 forestu
1082 4762 1120 4806 en
1139 4745 1242 4827 partie
1255 4762 1318 4826 par·
1341 4740 1493 4827 pheneum
1518 4765 1680 4828 pemonnes
1703 4755 1840 4811 sanares

129 4842 177 4909 de.
192 4843 311 4912 rnen.-
335 4845 411 4908 rnor‘s
424 4863 546 4907 comme
569 4863 600 4906 cc
626 4842 704 4906 Pers
730 4844 947 4926 ossucnitpos
959 4862 1040 4906 mres
1054 4842 1173 4905 letalia
1191 4861 1275 4925 pour
1301 4862 1452 4925 conponor
1479 4862 1534 4906 son
1554 4862 1686 4926 nemeae
1699 4864 1755 4907 *en-
1768 4853 1842 4909 cette

127 4941 253 5023 lungae,
270 4941 340 5004 ilde
359 4962 509 5026 conpore.
522 4941 699 5006 dehordeo
725 4941 873 5023 franensi,
888 4952 917 5005 et
932 4943 956 5005 il
970 4941 1007 5005 le
1023 4940 1125 5004 donno
1137 4944 1157 5004 ἀ
1169 4950 1274 5003 mettis
1288 4961 1324 5004 eu
1339 4941 1446 5005 Ιαιίηά
1469 4963 1511 5004 scr
1537 4952 1646 5007 sonant
1664 4942 1845 5022 Hr'bsmos'a,

127 5042 186 5123 μ’
204 5040 301 5103 annr·
314 5042 362 5103 est
373 5050 578 5125 :superorans
604 5039 828 5116 dalOrctor'rs,
853 5050 883 5103 es
903 5042 960 5124 qui
982 5042 1144 5123 proterruit
1170 5038 1251 5102 aare
1278 5039 1311 5102 le
1335 5040 1506 5123 sternique
1533 5040 1609 5105 ἀαηι
1637 5040 1790 5123 hcoltege
1803 5039 1844 5101 de

128 5137 298 5205 sansone
326 5137 367 5205 11.
381 5140 627 5221 compascendi
649 5157 686 5200 en
712 5137 849 5220 [rancis
863 5138 894 5201 to
915 5141 962 5201 uris
985 5137 1021 5203 de
1046 5137 1082 5200 S.
1099 5137 1203 5211 Ldonr
1226 5146 1255 5198 et
1276 5136 1331 5199 elle
1353 5138 1405 5218 snt
1427 5138 1559 5202 tradente
1576 5160 1612 5201 en
1635 5138 1791 5218 tntisper
1813 5135 1841 5197 ts

129 5234 367 5300 P.Geurcl,un
380 5236 537 5319 Bors,.qul.
555 5237 633 5299 eluit
642 5235 726 5297 alors
748 5235 824 5299 dane
839 5235 872 5299 ln
885 5239 999 5299 maison
1012 5234 1062 5297 des
1078 5235 1167 5297 Piros
1181 5234 1216 5296 de
1229 5233 1392 5297 lorntoire
1407 5257 1461 5300 roe
1475 5237 1707 5302 Scins-Honore
1728 5232 1843 5297 neec-le

128 5332 173 5396 Pr
192 5333 392 5410 stoendslre
411 5334 450 5397 P.
465 5335 594 5397 dodosi
619 5333 753 5416 sinopen
776 5334 851 5397 dona
867 5345 947 5398 cette
968 5332 1017 5396 Vs'e
1044 5333 1182 5415 quelques
1209 5331 1351 5410 endroirs,
1366 5336 1481 5417 qos‘lui
1501 5340 1650 5419 parerent
1671 5340 1739 5414 trop
1767 5330 1850 5396 durs,

129 5429 689 5514 mnus.lisme,·chcngemerqunele
700 5430 739 5492 P.
757 5431 882 5507 Omancl
901 5451 936 5492 ne
949 5438 1006 5511 put
1021 5447 1208 5512 upprouoer;
1225 5430 1302 5492 mnis
1315 5431 1365 5494 s’r‘t
1390 5434 1474 5496 oooit
1481 5432 1596 5514 profire
1616 5426 1666 5490 des
1677 5428 1756 5491 sons
1776 5432 1841 5493 nori

127 5547 183 5609 que
196 5548 252 5591 son
265 5529 408 5612 conjrdre
418 5528 465 5591 lui
473 5529 585 5604 donno,
601 5529 625 5591 it
637 5528 771 5591 n’nuror't
782 5530 932 5612 pent-ine
948 5549 1005 5612 pos
1016 5548 1052 5590 eu
1067 5527 1250 5611 teddptos'sir
1263 5529 1297 5591 de
1311 5531 1377 5594 vor'r
1391 5550 1444 5594 son
1458 5546 1589 5609 ouvrage
1601 5527 1687 5610 [tetri
1701 5527 1720 5590 ἀ
1733 5527 1836 5590 Roma.

0 5690 1 5697 ,
126 5626 616 5711 snrnre,Jen’aoannron1·ci
637 5626 710 5689 dont
714 5628 750 5709 je
764 5628 841 5690 n’aie
855 5630 900 5691 eti
912 5627 979 5691 brer
992 5628 1385 5711 &adnumerans-tequea
1404 5635 1478 5709 peut
1494 5624 1634 5689 ‘driade
1647 5626 1785 5709 {mense
1802 5626 1839 5697 de
