4050 6175
627 385 836 455 reAEaAmo
856 389 897 453 sot
919 375 1131 453 suadebas
1153 387 1186 453 s.
1210 373 1510 453 tsbuts'stsettl.

926 545 1044 606 meur
1060 505 1215 607 suman

537 706 540 712 ,
642 641 680 698 Dc
694 641 871 698 lectionariis
885 639 960 718 aas,
973 638 1065 711 priato
1078 640 1154 711 (outo
1170 652 1326 694 samonum
1339 636 1369 693 S.
1384 636 1491 695 Lama.

221 739 228 754 ⁴
284 761 340 838 tt.
356 765 395 818 be
409 756 657 818 Lectionariorum
673 755 848 828 antiquitate
862 758 891 811 et
903 752 1082 828 prestantia.
1103 754 1218 826 Quanta
1232 751 1428 810 sollicitudine
1446 752 1501 810 hos
1520 752 1636 811 codices
1651 749 1866 826 quesierimus.

255 897 282 955 2.
301 892 481 954 bectionaria
491 888 664 963 antiquioris
677 886 800 962 originis
814 883 988 943 essesolent.
998 884 1102 943 Paucis
1116 884 1195 942 enim
1211 884 1303 942 sancti
1315 885 1438 958 contigit
1452 886 1529 959 quod
1543 886 1594 944 SS.
1610 885 1731 953 Zenom,
1746 885 1923 955 Gaudentio,

225 986 255 1045 et
268 986 352 1044 Petro
363 980 589 1057 chrysologum
598 993 769 1036 sermonum
784 974 967 1033 collectiones
983 974 1153 1032 auctoribus
1167 973 1293 1047 aequales
1306 973 1442 1047 velqnasi
1456 974 1582 1047 aequales
1592 975 1629 1031 ad
1644 991 1699 1032 nos
1713 991 1808 1048 usque
1822 989 1924 1049 parva·

216 1075 334 1135 derint:
349 1069 489 1146 idqueiis
505 1069 578 1126 torte
592 1066 698 1125 accidit
713 1082 838 1139 quorum
853 1080 1004 1122 sormones
1017 1063 1047 1120 in
1063 1062 1244 1120 Lectioneria
1258 1062 1491 1135 haudquaquam
1513 1063 1651 1132 traducti,
1674 1061 1698 1121 ai
1723 1062 1923 1137 peomiarihaa

219 1162 441 1232 collectionibus
456 1176 513 1216 non
529 1158 655 1215 fuissent
669 1153 817 1220 custoditi,
832 1152 998 1227 periissent.
1013 1154 1051 1209 At
1065 1168 1133 1208 cum
1146 1168 1204 1207 non
1220 1149 1385 1225 multopost
1396 1152 1524 1208 auctoris
1537 1156 1662 1209 mortam
1672 1167 1823 1208 sermones
1832 1155 1923 1208 tanta

217 1253 402 1316 auctoritatis
416 1266 449 1307 ac
458 1246 635 1306 celebritatis
649 1246 741 1312 luere,
753 1248 786 1300 ut
799 1242 877 1316 apud
885 1241 1037 1298 universas
1047 1240 1104 1297 tere
1114 1237 1259 1296 Ecclesiae
1270 1239 1300 1295 in
1313 1239 1679 1308 Lectioaariarelati,inter
1691 1240 1789 1298 officia
1802 1240 1924 1314 publiea

218 1347 406 1422 legerenturt
421 1345 492 1396 tunc
504 1336 549 1394 vel
566 1334 652 1393 nulla
668 1333 853 1392 collectiones
865 1331 957 1398 lacte,
967 1328 1011 1386 vel
1026 1330 1052 1386 si
1062 1345 1127 1403 quas
1144 1329 1600 1403 iactaluerunt‚sensimperiere
1615 1348 1623 1387 c
1640 1329 1794 1387 cumcuim
1805 1345 1921 1401 omnes,

218 1441 272 1499 aut
285 1437 344 1492 lere
354 1445 456 1490 omnes
471 1441 621 1485 sermones
636 1424 666 1480 in
682 1419 877 1480 Ecclesiarum
891 1418 975 1476 libris
986 1420 1183 1482 servarentur,
1192 1416 1503 1475 horumcollectionem
1519 1418 1679 1492 separatim
1688 1418 1854 1476 describere
1869 1435 1923 1475 su·

218 1499 538 1604 perfluum'videbatur.
554 1515 597 1571 lta
605 1510 760 1588 Augustini
775 1525 937 1577 sermones,
953 1525 1016 1576 seu,
1033 1507 1076 1564 uti
1103 1506 1295 1577 vocabantur,
1312 1511 1464 1576 tractatus,
1487 1506 1518 1564 in
1530 1506 1707 1565 bibliothece
1728 1507 1924 1581 litspaeensis

217 1612 352 1675 molesia
367 1608 467 1681 aliqua
481 1603 614 1663 fortassis
622 1597 996 1673 seriedispositosextitisse
1002 1595 1335 1653 Possidiussubiadicat.
1348 1596 1379 1652 ln
1393 1596 1551 1670 Augustini
1560 1596 1638 1654 enim
1645 1595 1712 1653 Vlia
1726 1612 1751 1654 e.
1762 1597 1925 1671 ltpsrinde

218 1707 344 1780 loquens
354 1701 391 1759 de
399 1695 574 1756 tractatibus
588 1709 622 1750 ac
637 1692 673 1748 de
687 1690 799 1748 ceteris
813 1692 841 1745 S.
858 1685 985 1745 doctoris
999 1685 1219 1759 operibus,que
1228 1701 1300 1742 sane
1315 1684 1344 1740 in
1360 1685 1508 1743 distinctis
1521 1685 1672 1744 codicibus
1694 1687 1924 1752 continebantur

220 1794 353 1856 omnium
368 1786 530 1846 indiculum
546 1799 577 1840 se
592 1780 753 1855 subjecisse
768 1778 942 1844 affirmabat
955 1775 1009 1832 sibi
1023 1776 1135 1847 cuteque
1148 1774 1265 1830 ootumit
1280 1773 1315 1830 od
1331 1774 1473 1846 tcpcudum
1485 1779 1512 1831 ct
1525 1776 1737 1849 coqumcasdam
1748 1778 1842 1852 odam,
1858 1782 1885 1834 ct
1895 1777 1927 1834 id

218 1886 256 1947 ad
268 1876 473 1942 dacriteudam
485 1873 528 1931 oet
542 1869 752 1929 dc-tittiottcco
766 1866 947 1940 Hipponensis
957 1864 1087 1920 ,Ecclesia
1099 1866 1183 1942 petat,
1210 1864 1259 1919 uti
1286 1864 1475 1921 emendatiora
1503 1867 1574 1938 sorte
1600 1867 1771 1938 cacmptaria
1796 1869 1929 1940 potorum

218 1972 351 2040 inueniri,
364 1968 407 2025 oct
421 1963 494 2021 unm
507 1961 635 2028 uoluerit,
651 1959 786 2032 inquirat,
800 1963 826 2013 ot
842 1956 954 2011 invoca
966 1951 1110 2011 dormiat.
1122 1951 1331 2009 vetustissima
1344 1955 1443 2010 temen
1463 1954 1609 2026 ejusmodi
1619 1954 1798 2030 exemplaria
1811 1957 1927 2016 deside-

219 2067 333 2123 rantur.
350 2058 424 2116 'l'res
437 2051 515 2111 enim
527 2048 781 2123 antiquioresque
796 2045 956 2120 supersunt
978 2040 1163 2100 collectiones
1179 2056 1347 2097 sermonum
1367 2045 1395 2097 S.
1414 2042 1569 2115 Augustini
1593 2043 1627 2100 dc
1642 2044 1742 2106 Vertis
1755 2046 1875 2118 naming
1890 2048 1927 2105 αι

219 2153 311 2214 Vertis
328 2145 461 2221 Apostoli,
471 2140 681 2199 attonitiarum
696 2135 908 2210 quinquaqinta,
923 2136 957 2188 ut
971 2131 1165 2187 observarunt
1178 2128 1341 2186 doctissimi
1358 2128 1457 2187 Patres
1470 2130 1596 2188 Mauriui
1609 2132 1638 2188 in
1649 2132 1922 2206 pretatadtomum

217 2242 326 2316 V,licet
339 2238 370 2294 in
381 2250 454 2293 mss.
470 2229 704 2301 octingentorum
718 2218 1397 2293 annorumetampliusreperiantar‚nontemen
1409 2219 1573 2293 Augustino
1584 2220 1800 2294 equalescredi
1813 2230 1927 2298 queunt

211 2348 276 2390 nou
292 2306 388 2386 solum
403 2321 473 2395 quia
486 2334 588 2376 carum
602 2313 753 2373 Possidius
767 2329 824 2370 non
840 2309 984 2378 meminit,
1000 2308 1052 2366 sed
1063 2307 1225 2380 presertim
1238 2307 1309 2379 quia
1322 2308 1518 2381 supposititiis
1528 2325 1589 2366 nou
1603 2313 1714 2368 carent.
1729 2311 1923 2384 lnLectiona.

216 2421 272 2489 ria,
288 2414 430 2490 nimirum
441 2408 506 2480 ejas
521 2419 672 2480 sermones
685 2401 815 2477 sparsim
830 2396 968 2466 traducti,
982 2396 1186 2454 collectionum
1210 2394 1470 2453 describendarum
1482 2396 1612 2456 laborem
1627 2397 1784 2458 sustulere.
1799 2402 1839 2459 ltx
1853 2404 1925 2462 lne-

216 2503 342 2572 tionaris
356 2503 455 2557 eutem
470 2499 530 2553 tres
545 2494 712 2559 memorate
727 2489 912 2547 collectiones
927 2485 1073 2560 posterius
1087 2484 1205 2541 luerunt
1219 2483 1348 2558 digestas,
1363 2501 1396 2540 ac
1410 2484 1549 2559 deinceps
1568 2485 1618 2543 alii
1632 2503 1783 2546 sermones
1798 2506 1833 2548 en
1854 2490 1925 2552 aliia

216 2590 396 2657 lectionaria
411 2584 548 2658 descripti
565 2578 787 2656 Augustinianis
801 2577 906 2652 adjecti
921 2575 1040 2631 inerunt
1053 2573 1083 2629 in
1096 2572 1274 2632 editionibus
1285 2589 1349 2645 qua
1360 2572 1484 2630 subinde
1492 2579 1710 2648 apparuerunt,
1726 2593 1779 2636 nec
1800 2579 1926 2640 demunt

220 2684 272 2769 qui
283 2680 356 2738 elios
370 2675 503 2749 ejusdem
518 2670 646 2727 doctoris
660 2682 811 2724 sermones
826 2682 860 2721 ex
875 2663 981 2719 iisdem
995 2660 1138 2719 tontibus
1152 2658 1284 2718 derimre
1298 2663 1417 2733 queant,
1443 2660 1530 2720 sicuti
1557 2679 1612 2722 aas
1630 2662 1734 2738 viginti
1753 2671 1782 2723 et
1793 2672 1939 2747 amplius·-

220 2769 363 2850 genuinos
377 2765 408 2821 in
423 2759 579 2819 Aneadotis
593 2755 789 2814 Miscellaneis
803 2752 961 2826 aliquando
976 2750 1085 2807 edituri
1098 2765 1214 2807 sumus.
1370 2813 1372 2816 .

252 2862 281 2917 3.
295 2853 398 2926 Simile
411 2849 562 2926 quidpiam
579 2847 608 2904 S.
625 2843 728 2902 baama
743 2841 930 2900 sermonibus
938 2838 1081 2897 accidisse
1089 2837 1277 2895 arbitramur.
1293 2838 1376 2895 Hunc
1386 2840 1697 2913 sanctumpontiitcem
1713 2843 1806 2904 multo
1819 2848 1921 2907 studio

218 2949 371 3007 sermones
385 2938 566 3002 lucubrasse,
580 2939 610 2992 et
637 2931 774 2990 accurate
787 2946 888 2987 eorum
898 2927 1032 3001 exempla
1046 2926 1123 3000 apud
1132 2943 1164 2984 se
1176 2926 1333 2984 retinuisse
1349 2925 1422 2983 illud
1441 2925 1550 2985 indicio
1565 2935 1620 2997 est,
1637 2932 1715 3003 quod
1732 2932 1763 2989 in
1777 2934 1919 3011 suisdog

219 3033 335 3096 anaticis
350 3027 492 3104 epistolis,
508 3041 574 3099 que
588 3022 625 3080 ob
640 3021 798 3081 sublimem
810 3014 1245 3091 difficilemqueexplicationem
1260 3015 1472 3088 dogmatumde
1486 3015 1750 3093 quibusdisseruit,
1760 3023 1922 3084 maximam

218 3142 278 3185 nun
292 3128 353 3181 tam
368 3116 581 3177 sententiarum
591 3126 685 3186 quam
699 3110 854 3175 verborum
868 3106 1034 3164 cautionem
1045 3107 1074 3161 et
1092 3102 1238 3162 delectum
1262 3103 1446 3176 flagitabant,
1462 3107 1596 3178 quadam
1610 3125 1646 3165 ex
1661 3112 1847 3171 sermonibus
1861 3133 1923 3174 non

214 3209 497 3291 exiguairagmente
511 3200 753 3259 insensualitas
767 3201 865 3254 autem
880 3211 1052 3252 sermonum
1066 3192 1248 3266 autographa
1262 3192 1440 3267 exemplaria
1455 3193 1485 3251 in
1500 3195 1616 3254 archivo
1632 3198 1791 3271 apostolico
1806 3202 1924 3264 diutius

214 3283 311 3360 ¹luisse
324 3292 482 3362 custodite,
497 3290 632 3347 dubitare
642 3305 700 3346 non
716 3286 792 3342 licet.
809 3285 882 3342 Cum
901 3298 969 3340 voro
979 3299 1032 3356 pro
1053 3281 1225 3338 auetuntate
1239 3297 1272 3337 ac
1287 3281 1454 3339 celebritate
1468 3285 1596 3342 auctoris
1612 3290 1723 3344 etcum
1734 3290 1874 3363 peculim
1890 3294 1934 3365 in·

219 3376 742 3452 sermonibuslucubrandishi,paulo
751 3370 930 3450 postLeonis
940 3371 1064 3440 obitum,
1073 3368 1504 3428 iubeationariisitomanarum
1510 3373 1923 3440 Ecclesiemminteraliorum

218 3481 388 3540 sanctorum
403 3485 553 3529 sermones
566 3468 691 3524 tuissent
703 3462 882 3537 transcripti,
898 3464 927 3517 et
936 3460 1041 3518 exinde
1056 3458 1233 3516 transissent
1253 3458 1283 3515 in
1310 3458 1423 3518 similes
1449 3461 1563 3520 codices
1586 3463 1711 3522 aliarum
1728 3466 1925 3530 Ecclesiarum

214 3566 306 3628 totius
321 3558 505 3624 Occidentis:
521 3556 591 3614 binc
602 3556 711 3613 iactum
727 3553 784 3610 tuit
797 3550 1008 3610 uteorumdem
1023 3564 1193 3605 sermonum
1208 3546 1238 3604 in
1255 3547 1355 3622 aliquo
1377 3555 1511 3623 separatu
1531 3551 1678 3612 volumine
1693 3554 1927 3631 colligendorum

216 3673 289 3715 eura
302 3650 466 3726 antiquitus
479 3647 616 3705 deluerit.
627 3647 722 3713 Quare
736 3640 811 3700 nihil
825 3640 934 3698 mirum
946 3636 1219 3710 sideraadius,qui
1245 3641 1389 3695 memorat
1403 3655 1553 3697 sermones
1562 3644 1591 3697 S.
1607 3642 1725 3700 Maximi
1734 3645 1930 3710 Taurinenaia

214 3745 247 3804 ln
262 3746 367 3811 Leone,
383 3757 409 3798 c.
423 3740 469 3807 70,
485 3735 599 3793 uellam
613 3733 747 3811 ejusdem
762 3744 933 3788 sermonum
945 3725 1124 3783 mentionem
1146 3724 1238 3780 lacit:
1255 3724 1385 3799 aliquam
1406 3728 1497 3784 snim-
1512 3727 1631 3786 Maximi
1650 3747 1820 3792 sermonum
1840 3742 1927 3796 vetu.

214 3832 379 3890 atissimam
393 3821 720 3891 collectionem,nullam
736 3823 834 3877 eutem
846 3815 951 3874 Leonis
965 3812 1090 3882 invenit,
1108 3828 1160 3869 nec
1170 3813 1207 3869 ad
1223 3814 1262 3870 Le
1268 3814 1445 3873 ctioaariaia
1460 3815 1619 3891 cumbulae
1633 3834 1784 3883 sermones
1798 3825 1928 3884 traducti

214 3920 331 3978 luerent
344 3915 445 3976 oculos
460 3930 493 3970 ac
506 3915 636 3968 mentem
651 3909 787 3966 intendit.

249 4009 277 4064 i.
294 4006 399 4064 Fontm
408 4002 500 4077 igitur
513 3998 687 4056 vetustiores
703 3996 855 4070 exquibus
869 3991 973 4051 Laome
987 4005 1140 4049 sermones
1155 3988 1192 4047 ad
1212 4005 1266 4048 nos
1285 3998 1490 4063 pervenerunt,
1505 3999 1576 4052 sunt
1590 3995 1713 4070 antiqua
1727 3998 1940 4059 Lectioaaria.

211 4098 254 4153 iix
268 4094 316 4151 his
330 4107 402 4150 sana
416 4105 466 4148 eoa
481 4086 645 4160 allegarunt
659 4084 727 4142 noni
743 4082 842 4141 saculi
864 4080 1032 4154 scriptores,
1058 4078 1233 4136 liinomarus
1254 4078 1418 4150 Remeneis,
1439 4082 1591 4158 Remigius
1616 4088 1830 4160 Lugdunensis,
1851 4088 1928 4147 Prn-

213 4164 331 4242 dentius
345 4177 553 4243 Tricensimae,
568 4192 602 4232 ac
617 4173 779 4248 prasertim
795 4171 906 4230 Florus.
922 4174 950 4225 Is
965 4167 1118 4238 nimirum,
1134 4165 1185 4241 qui
1208 4168 1239 4224 in
1264 4184 1337 4226 mss.
1363 4169 1549 4229 collectaneis
1569 4174 1605 4230 ad
1621 4173 1702 4231 Pauli
1719 4176 1871 4250 epistolas,
1890 4177 1925 4236 in

212 4269 368 4331 carthusia
382 4263 485 4341 Maiori
496 4262 812 4337 custoditis,integrum
828 4261 953 4316 duarum
969 4261 997 4315 et
1007 4255 1160 4330 scnemata
1174 4252 1684 4331 ingentiumeolumnarumiibrum,
1695 4265 1927 4336 compendiariis

212 4358 458 4432 notissoriptum,
479 4370 516 4411 ex
538 4351 644 4409 Leonis
669 4349 848 4407 testimoniis
877 4346 1011 4421 digessit,
1038 4361 1211 4403 sermonum
1235 4345 1400 4420 fragmenta
1413 4365 1448 4405 ex
1472 4349 1662 4408 bandonariis
1681 4352 1939 4413 manifestissime¹

214 4449 370 4522 excerpsit,
384 4444 478 4503 utitur
492 4441 571 4500 enim
583 4441 689 4497 iisdem
705 4438 807 4496 ordine
822 4454 856 4495 ac
871 4435 965 4493 titulis
975 4451 1054 4509 quos
1070 4433 1100 4491 in
1116 4433 1307 4491 lectionariis
1318 4434 1447 4493 basilicas
1455 4437 1485 4494 S.
1497 4438 1573 4496 Petri
1589 4439 1769 4497 invenimus.
1781 4443 1855 4498 Ante
1868 4442 1928 4502 boa

211 4553 316 4611 omnes
330 4534 436 4592 iisdem
454 4529 643 4589 lectionariis
662 4543 735 4585 usus
750 4531 794 4584 est
808 4525 918 4583 Paulus
934 4524 1080 4581 diacones
1094 4522 1126 4578 tu
1138 4520 1321 4594 Hamiliario,
1341 4524 1371 4580 in
1389 4540 1447 4598 quo
1463 4525 1563 4599 plures
1578 4526 1684 4586 Leonis
1699 4544 1851 4587 sermones
1868 4547 1925 4604 pro

211 4627 353 4684 testarum
368 4619 481 4678 ratione
494 4617 661 4691 descripsit.
1857 4604 1862 4611 ’

244 4710 273 4767 5.
290 4709 392 4765 Plures
402 4708 432 4764 id
447 4722 541 4781 genus
556 4710 585 4763 et
598 4702 859 4779 prestantissimae
874 4702 999 4768 codices,
1011 4700 1062 4772 mai
1085 4699 1229 4757 diuersm
1255 4699 1399 4774 originem
1425 4703 1584 4774 preferant
1597 4703 1704 4774 videre,
1722 4709 1752 4763 et
1771 4706 1927 4768 consulere

208 4796 292 4857 licuit
306 4797 337 4854 in
352 4795 537 4854 bibliothecis
553 4793 693 4851 Romanis
707 4792 856 4861 Vaticana,
872 4790 1000 4849 basilica
1016 4789 1048 4847 S.
1062 4788 1150 4858 Petri,
1166 4786 1557 4866 vallicellana,etChigiana,
1567 4792 1723 4851 inVenetis
1737 4793 1766 4850 S.
1781 4794 1880 4862 Marci,
1893 4803 1927 4855 et

208 4888 239 4946 S.
256 4886 387 4960 Gregorii
401 4884 532 4957 majoris,
543 4884 573 4939 in
589 4882 735 4939 Patavinis
750 4880 1007 4938 monachorum'S.
1020 4878 1156 4943 iustine.
1173 4878 1409 4937 conventualium
1434 4882 1464 4937 S.
1480 4880 1609 4952 Antonii,
1633 4887 1662 4939 et
1690 4882 1924 4944 eremitanor'um

207 4974 259 5035 SS.
273 4973 399 5048 Philippi
413 4977 442 5031 et
455 4972 567 5041 iacobi,
583 4971 613 5028 in
629 4969 805 5028 vercellensi
816 4966 1106 5041 liusebianacapituii
1116 4965 1338 5037 cathedralium
1356 4967 1446 5044 Regia
1461 4967 1646 5040 taurinensi,
1661 4970 1691 5028 in
1708 4970 1941 5040 Padilironensi·

207 5064 412 5124 casinensium
426 5066 454 5117 S.
468 5059 626 5130 Benedicti,
639 5059 670 5116 in
686 5059 873 5133 ilergomsnsi
889 5059 919 5115 S.
939 5054 1096 5114 Alexandri
1112 5057 1140 5113 in
1156 5057 1309 5126 Columna,
1325 5059 1485 5114 actandem
1500 5058 1531 5116 ia
1546 5062 1648 5116 nostra
1668 5058 1823 5134 capitulari
1833 5059 1925 5123 Vero.

114 5150 119 5157 ’
206 5144 1281 5221 nensidixbismssutpoteantiquioribussermonumiantlbusleoticnss,
1292 5162 1343 5202 seu
1354 5144 1717 5205 lectionumcorrectiones
1731 5145 1928 5220 potissimum

206 5240 357 5298 sumendae
371 5242 466 5317 erunt.
482 5234 667 5304 Quesnellus,
682 5235 732 5308 qui
743 5234 848 5291 horum
865 5234 998 5291 codicum
1012 5234 1212 5307 prestantium
1228 5238 1257 5289 et
1266 5231 1466 5307 antiquiorem
1478 5233 1623 5307 originem
1638 5251 1730 5309 supra
1744 5251 1817 5293 mes.
1834 5234 1938 5294 colle·

206 5328 318 5386 stiones
328 5325 570 5402 deprehendittat
581 5326 702 5396 patatex
715 5324 740 5395 ej
746 5339 780 5380 ua
790 5322 959 5396 prelatione
966 5323 1106 5394 generati,
1117 5327 1186 5381 ante
1196 5322 1349 5393 medium),
1358 5318 1758 5389 inrecclendisserunonibus
1769 5324 1932 5385 tadone:

204 5414 257 5472 riis
272 5415 435 5488 plurimum
448 5411 637 5471 deserendum
652 5410 787 5486 agnovit:
804 5427 837 5467 ac
851 5410 1003 5484 precipua
1015 5421 1118 5463 eorum
1134 5405 1366 5472 emendationes,
1379 5423 1454 5479 ques
1467 5408 1500 5465 in
1514 5413 1627 5467 textum
1639 5410 1766 5482 induxit,
1782 5409 1829 5468 bis
1843 5427 1922 5488 mse·

205 5502 358 5579 debentur.
375 5505 408 5562 At
418 5505 447 5561 id
464 5500 642 5561 incommodi
656 5500 685 5556 in
701 5499 848 5573 ejusmodi
863 5497 946 5555 libris
960 5498 1107 5570 expertus,
1123 5495 1258 5566 produco
1275 5510 1370 5552 omum
1383 5497 1541 5553 emanent
1555 5502 1703 5569 mures,
1728 5500 1798 5559 atat
1809 5501 1925 5573 Mi*

203 5588 321 5663 aliquos,
338 5592 384 5647 itti
398 5594 526 5665 otiospro
537 5591 644 5648 diuerso
654 5589 837 5645 tartesiorum
851 5602 934 5653 auro,
947 5598 1068 5658 quoram
1080 5587 1145 5639 usui
1157 5584 1288 5657 descripti
1300 5588 1386 5646 suut:
1400 5585 1468 5642 odos
1483 5588 1852 5651 memoriamem-
1858 5589 1924 5663 pta·

204 5696 323 5755 rumque
336 5681 486 5738 metuendo
501 5681 615 5737 titiaiut
627 5679 811 5749 uolumioaut
824 5691 924 5751 paucos
937 5675 1188 5746 atiquosscmeouea
1197 5674 1233 5731 od
1245 5673 1423 5731 ittoaoodiccc
1434 5686 1577 5735 omem
1592 5676 1922 5752 :mammaemam-
