4050 6175
174 313 215 383 dl
582 323 1033 398 Phalericutsmsttthls
1053 331 1102 400 itt
1117 332 1223 401 utne
1243 335 1474 407 uuirtottutt.
1836 353 1890 416 32·

178 459 334 542 ponendas
344 458 517 538 sufiiciunt.
534 459 570 523 Id
597 461 772 543 presertim
799 465 926 529 serrari·
944 466 1055 531 debuit
1082 472 1190 552 quoad
1215 471 1351 554 primam
1379 477 1641 560 dissertationem,
1657 501 1728 567 qnae
1743 486 1778 551 8.
1794 489 1875 552 heo-

177 558 226 621 nis
239 556 521 631 Vitam.describit;
537 558 594 621 ubi
619 560 678 622 etei
706 578 769 624 non
798 581 900 643 pauca
927 566 1122 648 castiganda,
1151 572 1304 634 nonnulla
1331 574 1426 639 etiam
1454 573 1759 662 ailjicienda‘ernnt,
1777 587 1872 668 plura

176 662 283 720 tumen
302 656 377 718 satis
405 661 561 718 constant.
592 657 682 719 Hunc
709 664 831 721 tomum
859 663 1049 729 concludent
1077 667 1219 747 ejusdem
1248 671 1406 744 Quesnelli
1431 677 1667 743 observationes
1694 689 1825 748 etnotae
1841 687 1875 747 in

173 755 284 819 Manis
298 754 465 835 Epistulas,-
480 759 560 836 qu'as
573 755 620 816 uti
643 756 829 836 prolixiores
843 760 909 839 ipse
924 780 1050 843 quoque
1065 771 1136 844 post
1151 767 1385 833 dissertationes
1397 767 1558 856 uulgauit;
1575 798 1702 862 easque,
1722 783 1776 845 ubi
1791 803 1875 866 opus

173 854 244 927 crit,
259 854 330 916 aliis
343 853 459 916 nostris
473 853 731 917 annotationibus
744 855 890 920 distincte
906 861 1076 941 propositis
1090 865 1339 930 emendabimus.

209 952 433 1015 Xlllllt'l’ertio
461 957 548 1013 tomo
573 951 743 1032 separatim
772 954 894 1016 edendo
910 957 994 1019 etad
1018 958 1138 1039 justam
1156 964 1271 1027 molem
1297 968 1527 1050 compingendo
1555 976 1753 1040 occasionem
1783 980 1873 1044 dedit

168 1050 380 1113 venustissima
415 1049 564 1111 collectio
602 1049 766 1112 (lenonum
794 1057 825 1113 et
852 1052 1117 1119 Constitutionum
1154 1062 1336 1141 apostolicas
1363 1067 1456 1141 sedis,
1488 1088 1583 1149 quam
1613 1073 1672 1134 suh
1701 1076 1871 1142 arbitrario

167 1145 292 1212 ettalso
306 1146 398 1210 titulo
427 1145 544 1210 Codicis
575 1146 728 1210 Cannaene
741 1158 771 1210 et
801 1149 1052 1215 constitutionum
1078 1156 1219 1219 Romana·
1246 1160 1390 1224 Ecclesia
1418 1167 1603 1238 Ouesnellus
1632 1171 1663 1232 in
1679 1171 1782 1235 lucem
1798 1195 1872 1256 pro-

166 1245 268 1308 duxit·
284 1228 374 1307 init'io
401 1243 480 1310 tomi
507 1245 649 1312 secundi.
676 1244 750 1308 ilaec
778 1246 818 1307 ab
842 1247 955 1310 eodem
982 1268 1022 1312 ex
1046 1270 1105 1314 ms.
1135 1256 1305 1319 oxoniensi
1334 1260 1415 1324 libro
1431 1266 1598 1328 recentiori
1626 1271 1869 1336 etvaldemen·

49 1331 53 1338 ’
166 1344 244 1406 doso
272 1342 401 1423 vulgato
428 1341 510 1403 luit:
536 1341 688 1404 Thoaneo
704 1343 800 1404 enim·
817 1345 988 1425 antiquiori
1001 1352 1034 1409 et
1055 1350 1188 1430 optimae
1211 1360 1295 1416 notas
1322 1360 1508 1440 exemplari,
1539 1365 1624 1443 quod
1651 1366 1752 1429 serius
1767 1373 1867 1447 novit,

167 1442 325 1505 modicum
341 1439 736 1520 neesatisapteusnsest.
766 1443 827 1503 Nos
855 1444 955 1506 multo
982 1446 1128 1526 pluraex
1152 1449 1213 1512 hoc
1240 1454 1346 1516 codice
1374 1457 1501 1521 aliunde
1532 1463 1721 1543 accepimus.
1752 1470 1869 1531 Acces.

164 1543 281 1604 serunt
300 1542 407 1601 autem
434 1535 668 1617 quamplurima
694 1556 734 1600 es
762 1538 824 1601 alio
839 1538 992 1604 hactenus
1019 1543 1139 1623 ignoto,
1170 1555 1203 1608 at
1230 1557 1409 1629 pervetusto
1439 1555 1637 1621 bibliothecae
1661 1565 1811 1627 Coesareae
1826 1567 1866 1628 li·

161 1636 220 1699 bro
248 1634 391 1715 ejusdem
413 1632 626 1709 collectionis;
656 1640 687 1696 et
702 1633 750 1697 hie
764 1635 910 1698 subsidiis
938 1642 1098 1719 permulta
1127 1646 1242 1708 menda
1270 1650 1438 1730 corrigere,
1468 1656 1613 1736 etipsam
1643 1660 1866 1727 collectionem

162 1734 285 1798 meliori
301 1739 351 1796 'nc
373 1730 568 1813 primigenia
591 1732 711 1794 toruae'
730 1733 895 1797 restituere
923 1738 1096 1816 potuimus.
1127 1742 1203 1804 Cum
1234 1764 1319 1820 vero,
1352 1749 1473 1813 uthuic
1501 1754 1678 1818 collectioni
1694 1765 1864 1825 seucorri.

160 1833 271 1915 gendes
285 1848 343 1894 seu
354 1830 549 1894 mustmnne
567 1848 606 1891 ex
626 1829 696 1892 aliis
723 1849 849 1912 quoque
872 1834 1109 1898 collectionibus
1136 1839 1256 1921 aliquid
1286 1844 1460 1924 adjumenti
1489 1860 1670 1931 quaerentes
1699 1859 1807 1921 110OEae
1833 1867 1866 1924 04

159 1929 235 1992 alibi
270 1926 512 2009 expenderimus
548 1932 706 2007 quotquot
742 1928 885 1992 invenire
899 1931 1001 1995 'licuit
1039 1939 1254 2019 mencscnpta
1282 1943 1417 2006 aliarum
1455 1954 1596 2012 veterum
1639 1954 1862 2019 collectionum

158 2023 410 2108 exemplariain
441 2023 556 2105 quihus
582 2023 690 2087 omnia
714 2025 842 2089 velfcrs
870 2028 979 2091 omnia
1005 2030 1142 2095 laudatas
1172 2037 1366 2103 collectionis
1393 2042 1596 2124 documenta,
1627 2049 1702 2114 licet
1728 2056 1862 2135 sparsim

157 2120 288 2200 inserta,
305 2121 457 2204 'reperire
470 2127 511 2184 et·
528 2138 750 2202 recognoscere
766 2142 829 2185 non
855 2124 1010 2189 inutiliter
1034 2132 1176 2212 contigit,
1195 2137 1290 2198 aliam
1305 2156 1344 2200 ex
1358 2139 1419 2203 hoc
1447 2145 1550 2208 studio
1576 2148 1677 2211 mutto
1691 2189 1694 2202 ι
1707 2160 1864 2232 praestan.

157 2223 272 2287 tiaram
281 2221 454 2284 'utilitatem
483 2219 678 2300 collegimus.
708 2222 800 2283 Nacti
821 2223 906 2286 enim
934 2244 1042 2289 summ
1068 2229 1101 2290 in
1130 2230 1179 2292 his
1207 2235 1366 2299 codicibus
1394 2259 1458 2303 non
1485 2262 1586 2323 pauca
1615 2247 1786 2324 rarissima,
1811 2253 1862 2315 vel

156 2321 263 2385 elium
280 2317 410 2385 omnino
438 2318 550 2398 ignota
577 2318 787 2399 antiquissimi
813 2321 958 2384 canonici
977 2323 1062 2402 juris
1090 2338 1404 2417 monumentaque
1422 2344 1493 2419 post
1522 2351 1728 2408 memoratam
1756 2349 1862 2413 Colle·

155 2419 293 2482 ctionem
320 2418 371 2481 rel
398 2415 627 2479 emendatiora*
641 2416 793 2497 prolerre,
815 2418 865 2479 vel
893 2419 1032 2498 primum
1059 2424 1152 2488 edere
1179 2435 1303 2505 gratum
1333 2439 1365 2494 et
1380 2435 1456 2497 utile
1485 2437 1626 2501 futurum
1651 2443 1857 2509 arbitramur,

154 2519 362 2598 Hmnqumet
388 2514 478 2595 cujus
505 2532 581 2575 usus
608 2516 909 2595 atquepreestautiae
937 2518 1011 2594 sint,
1042 2522 1139 2583 exiis
1161 2524 1348 2607 intelligitur
1370 2533 1646 2611 qumdicenturin
1672 2543 1860 2621 praelatione

153 2616 332 2686 mmmm
355 2613 494 2680 linium·
520 2615 590 2672 5⁰⁰·
609 2629 682 2674 l⁰f⁰
710 2612 854 2690 diligenti
878 2617 1115 2696 inflmplurinm
1144 2625 1432 2706 manuscriptorum
1461 2632 1681 2699 collectionum
1712 2641 1859 2706 examine

23 2697 30 2710 ’
152 2711 274 2773 iactum
295 2714 354 2783 est,
377 2714 414 2769 ut
435 2723 505 2768 *nou
534 2706 636 2769 solum
666 2707 788 2787 aliquot
816 2707 988 2788 ignotaset
1015 2712 1150 2777 ineditas
1178 2719 1385 2786 collectiones
1413 2727 1578 2793 (laconum
1605 2734 1856 2815 deprehenderi-

152 2826 236 2885 mus,
251 2807 306 2871 sed
321 2803 538 2887 plnresetiam
554 2802 682 2865 notitias
700 2805 785 2866 nacti
812 2806 910 2869 simus
935 2809 1020 2871 ciros
1047 2811 1247 2878 collectiones
1273 2819 1429 2900 vulgatas,
1460 2844 1532 2906 qnae
1556 2830 1744 2895 novissimos
1771 2855 1854 2917 quo.

152 2925 214 2988 que
240 2912 273 2969 et
300 2902 526 2967 eruditissimos
554 2899 666 2963 harum
693 2920 799 2964 rerum
824 2904 992 2985 scriptores
1025 2907 1198 2988 latuerunt,
1235 2916 1413 3000 quibusque
1452 2924 1575 3005 antiqui
1603 2925 1680 3007 juris
1708 2934 1853 2998 canonici

150 3003 284 3067 historia
308 2999 460 3064 illustrari
478 2998 617 3062 maxime
645 3004 758 3080 potest
788 3002 867 3064 ltine
894 3008 1063 3067 tractatum
1088 3008 1123 3071 cle
1147 3011 1281 3094 antiquis
1306 3023 1368 3077 tum
1394 3017 1493 3099 edrtr's,
1525 3032 1587 3085 tum
1616 3025 1734 3091 ineditas
1752 3029 1851 3095 ›colle-

150 3102 297 3178 cts'o'nilsa
321 3104 350 3163 el
387 3097 591 3162 collectoribus
629 3095 784 3160 Cusanum
810 3100 852 3162 od
879 3099 1057 3166 Gratianum
1084 3126 1175 3190 sasque
1205 3111 1435 3184 Ouesnellianee
1472 3120 1656 3185 collectioni
1677 3129 1852 3207 praemttig.

149 3219 233 3276 mus,
259 3216 322 3281 quo
350 3195 551 3265 haecomnia
575 3195 645 3258 lusa
671 3196 924 3276 explicabuntur.
949 3200 1090 3263 Tandem
1129 3212 1199 3285 post
1231 3209 1334 3288 prisca
1371 3213 1561 3280 documenta
1585 3220 1722 3289 edentur
1755 3226 1850 3306 quin·

148 3318 211 3381 que
233 3296 468 3371 dissertationes
495 3293 666 3368 onesnelti,
693 3312 783 3374 quas,
799 3313 869 3357 cum
885 3297 925 3358 ad
946 3298 1170 3364 collectionem
1184 3305 1348 3370 Ganonum
1364 3311 1460 3376 abeo
1480 3317 1641 3397 vulgatam
1658 3322 1850 3401 pertineant,

147 3396 213 3461 hnc
225 3393 525 3459 resermnmusnec
540 3409 605 3453 non
619 3390 854 3456 ohservationes
869 3399 995 3470 nostra,
1010 3414 1083 3477 quas
1110 3400 1227 3464 eisdem
1251 3407 1463 3488 confutandis,
1480 3414 1535 3476 ubi
1557 3434 1723 3497 perperam
1733 3423 1848 3496 ·sensit,

146 3488 688 3574 exsuspeptoconsilionecessanim
703 3489 908 3553 videbuntur.
1817 3598 1823 3605 .

182 3593 295 3656 sixti.
325 3588 510 3653 Distinctam
551 3586 758 3668 singularumx
774 3588 948 3651 editionum
977 3592 1134 3669 notitiam,
1177 3617 1248 3679 quas
1278 3601 1311 3662 in
1339 3607 1479 3684 generali
1507 3612 1693 3689 praelatione
1722 3606 1849 3697 aequum

144 3688 261 3755 locum·
277 3688 449 3760 habuisset,
477 3686 658 3750 omisimus:
690 3685 759 3749 haec
786 3687 869 3749 enim
899 3688 1067 3751 exhibetur
1095 3691 1127 3752 in
1156 3698 1341 3773 prestatione
1371 3704 1539 3782 Ouesnelli,
1564 3729 1673 3789 quarn,
1702 3732 1744 3774 ne
1773 3715 1848 3796 quid

146 3786 375 3860 Ouesnelhanas
400 3783 546 3845 editionis
573 3800 613 3845 ex
641 3783 776 3846 instituti
804 3784 903 3845 riostri
929 3785 1051 3849 ratione
1078 3789 1281 3869 desideretur,
1310 3798 1425 3862 additis
1452 3805 1561 3883 paucis
1589 3810 1849 3874 annotationibus

146 3901 220 3945 mon
247 3882 445 3960 subjicimus.
466 3879 546 3941 lllud
560 3879 728 3943 subtinem
758 3898 933 3956 monemus,
963 3884 1051 3963 quod
1078 3890 1150 3948 cum
1166 3891 1274 3953 ltomae
1288 3895 1409 3958 etalibi
1437 3901 1649 3967 studiosorum
1678 3905 1845 3972 hominnm

144 3979 289 4060 querelas
312 3967 503 4040 audierimus
530 3975 568 4038 de
596 3974 757 4037 hodiernis
785 3976 986 4056 editionibus,
1017 4000 1089 4073 qum
1117 3984 1193 4048 tolio
1217 4006 1334 4071 magno
1354 3994 1393 4055 ad
1422 3999 1687 4078 magnificentiam
1715 4005 1850 4087 impres-

144 4096 187 4139 sm
198 4075 359 4138 tractandi
380 4093 419 4137 ac
442 4072 568 4153 legendi
595 4072 677 4148 usui,
706 4075 881 4154 prasertim
909 4083 1065 4142 nocturno
1093 4087 1247 4165 tempore,
1272 4089 1415 4155 diltlciles
1442 4101 1526 4173 sunt,
1547 4099 1613 4161 lolii
1642 4103 1743 4183 parri,
1759 4106 1846 4185 qnod

143 4172 310 4249 commode
323 4171 427 4235 crolsi
441 4170 555 4251 aclegl
565 4172 674 4252 possit,
690 4172 826 4234 formam
840 4173 1020 4255 eligendam
1035 4180 1228 4261 putavimus,

1367 4357 1846 4393 m

789 4450 837 4534 r.
867 4450 1197 4563 consonum

179 4597 185 4798 1
327 4643 1665 4866 unmrtutqauusnnurs
1774 4820 1776 4826 ,

498 4902 538 4964 ru
559 4899 1477 5020 sunit'‚¹ujhlu19rttqtt·‚oeqnqu‚§butrotilsssttnont

793 5038 834 5052 nb
880 5043 1333 5081 mnf-QQ350Q.

172 5121 196 5189 l.
211 5117 324 5179 Sanctm
353 5111 485 5174 Ecclesia
509 5090 657 5173 catholica
684 5085 1843 5211 budanebtlm‘cgienldisi,i1uieiiieo'pcnitur‚urgemincsihecatho-

35 5193 36 5197 ¹
136 5205 254 5273 Christe
264 5204 394 5281 positum
404 5199 497 5270 unum
507 5206 562 5269 est,
574 5200 646 5259 ssdes
661 5201 769 5259 divina.
782 5204 861 5261 Fidei
873 5223 958 5278 porro
1012 5208 1074 5266 lica
1085 5211 1257 5272 hdeialvens
1267 5217 1303 5273 ab
1311 5218 1470 5279 adventitia
1478 5225 1604 5287 colluvie
1610 5232 1712 5303 purior
1725 5249 1845 5308 semper

136 5292 202 5351 fons
213 5295 328 5363 unicus,
339 5293 460 5351 verbum
470 5289 531 5361 Dei,
543 5307 595 5347 seu
608 5289 681 5346 illud
693 5292 770 5364 quod
782 5293 873 5349 sacris
885 5294 960 5350 litte·
1013 5298 1130 5355 eradat:
1141 5318 1187 5366 ne,
1201 5302 1273 5361 vivis
1282 5305 1341 5363 illis
1352 5324 1385 5369 cc
1396 5311 1564 5373 coelestibus
1580 5319 1712 5381 veritatis
1735 5322 1841 5383 divine

135 5381 177 5439 ris
191 5400 361 5456 expressum
376 5380 493 5456 legitur,
505 5396 557 5445 seu
573 5380 806 5453 quod'apostolis
819 5381 882 5438 viva
891 5399 960 5440 voce
1013 5386 1099 5458 aquis
1112 5391 1333 5462 peregrinarum
1344 5396 1542 5459 doctrinarum
1551 5403 1613 5464 luto
1623 5409 1762 5478 turbatis,
1774 5410 1841 5469 inti-

136 5467 958 5547 creditumpersanctorumPatrumtraditionemadnue
1014 5472 1129 5530 cientur
1142 5478 1239 5549 potius
1265 5498 1354 5553 quam
1379 5487 1548 5548 reficiantur
1568 5493 1700 5554 fidelium
1715 5503 1841 5561 mentes.

134 5557 959 5636 usqnetransmissumaccepimuetluamobremhiclabor
1047 5565 1438 5648 secernendiselueudisque
1449 5581 1563 5639 mendis
1573 5585 1779 5656 quibussaere
1791 5606 1842 5664 pa.

135 5645 957 5726 hmon'peruhomineecclesiaeticodignuinprlmisoen·
1012 5649 1841 5738 ginaeseutemporumignorsntia,seumalitiahssrctico·
