4050 6175
139 329 220 394 1469
396 326 533 397 assuti.
555 326 774 406 obtestationi
795 326 913 397 NOTAE
932 332 970 396 tit
992 331 1206 398 urisrotas
1226 334 1263 400 S.
1284 332 1424 399 taonis
1445 332 1583 399 uisui.
1766 332 1847 396 1479

175 463 273 520 ouon
284 479 320 521 ea
331 464 495 522 eruditione
505 470 625 522 ornatus
637 465 752 524 videtur
773 466 863 523 444444
874 468 963 540 Lepo—
979 475 1006 540 Α
1021 466 1114 523 latum
1123 467 1304 525 relerendum
1316 485 1381 526 esse
1393 466 1723 537 existimamus,liocest
1732 470 1845 529 44444.

139 537 202 591 rius
219 535 392 603 monachus,
402 540 433 592 ut
449 537 559 593 eximiae
571 538 637 594 44444
651 539 824 610 professioni
836 540 963 594 conscri-
1022 540 1083 594 458.
1093 540 1224 595 Primum
1234 542 1311 596 enim
1322 558 1389 597 cum
1398 541 1501 613 viginti
1513 540 1640 613 epistolae
1651 543 1755 599 Leonis
1769 558 1846 597 4444

139 608 243 663 44444
260 607 382 663 4444444
398 614 485 677 44444,
501 610 662 680 prasertim
679 626 745 664 cum
758 610 794 665 44
806 611 965 668 abstrusis·
1022 610 1070 665 451
1100 611 1175 665 data
1191 611 1276 667 ctiam
1292 630 1369 667 nunc
1388 613 1547 684 supersint,
1566 611 1648 669 nulla
1675 618 1773 669 tamen
1790 614 1846 668 alia

139 679 216 735 simo
231 679 442 735 incarnationis
453 680 591 752 mysterio
605 681 836 764 ageretur,quod
848 698 966 737 omnem
1022 681 1163 736 Marciani
1174 684 1327 738 consulatu
1341 687 1478 739 annotato
1489 685 1642 755 reperitur,
1654 701 1756 740 omues
1765 685 1848 740 Adel·

139 749 278 805 humanae
296 751 403 805 mentis
429 758 547 822 captum
563 750 734 823 longissime
745 757 872 824 superat.
884 754 966 808 Enim
1023 751 1083 824 phii
1092 752 1275 808 consulatum
1289 754 1460 835 inscriptum
1473 754 1589 810 habeut.
1602 756 1676 820 0444
1688 756 1778 827 igitur
1789 755 1846 811 sibi

137 836 207 877 vero
224 822 436 903 quodtsumma
464 821 554 877 animi
570 822 747 879 demissione
762 822 798 878 de
811 840 842 878 44
859 824 967 880 4444444
1022 826 1208 894 4444444444,
1226 825 1349 881 Leonem
1366 827 1421 880 sibi
1438 826 1467 879 in
1483 827 1619 882 omnibus
1634 828 1677 882 vel
1696 825 1767 883 levis
1782 843 1845 881 mo·

138 891 401 964 Leporius,illaesa
429 893 548 948 veritate
572 893 682 949 dietum
712 911 776 950 esse
792 896 965 966 putaverim,
1023 893 1114 948 menti
1126 895 1580 967 rebusconstantissimumpost
1593 903 1633 951 tot
1644 898 1784 970 epistolas
1799 915 1847 954 uo·

139 964 231 1036 quod,
244 963 512 1034 inquiner-rorem
528 981 616 1019 suum
631 966 661 1020 in
675 966 823 1046 propriam
836 966 898 1037 ipse
912 966 967 1022 im·
1023 965 1102 1019 mine
1117 965 1253 1047 Adelphii
1265 967 1567 1039 consulisinsignitus,
1580 969 1688 1041 stylum
1704 975 1844 1035 mutasse,

137 1034 279 1108 peritiam
296 1035 437 1099 retundit,
450 1041 478 1090 et
492 1036 615 1100 stultum,
631 1041 662 1091 44
674 1037 795 1108 ipseait,
807 1038 968 1108 4444414444-
1023 1040 1051 1091 44
1065 1036 1101 1091 44
1117 1036 1255 1091 Μ4444444
1272 1038 1390 1093 nomine
1405 1039 1578 1110 apponendo
1594 1040 1755 1111 cogitasse?
1765 1041 1847 1104 Quod

138 1110 195 1162 tem
212 1121 298 1161 suam
314 1113 440 1161 4444444.
458 1107 487 1161 Si
503 1107 588 1178 cujus
603 1114 701 1163 autem
719 1124 837 1179 operam
854 1110 967 1164 deside·
1023 1106 1144 1163 enimde
1155 1107 1665 1180 liujusAugusticonsulatuinillisa
1687 1109 1847 1167 istolisnon

138 1193 206 1232 rare
221 1176 594 1249 compulsusestLeporius
608 1179 643 1234 44
656 1196 739 1234 suam
753 1179 966 1235 contessionem
1023 1178 1199 1243 meminerit,
1216 1196 1273 1234 nou
1298 1196 1332 1234 eii
1356 1179 1503 1234 4444444444
1528 1180 1611 1252 44444
1636 1128 1849 1237 4444444444444

136 1247 355 1319 exponendam,
371 1264 428 1303 non
445 1248 565 1303 alterius
585 1249 685 1305 debuit
701 1267 789 1321 quam
799 1251 968 1322 Augustini,
1023 1264 1127 1304 casuve
1138 1248 1235 1320 aliquo
1251 1250 1409 1321 contigisse
1424 1251 1602 1306 credendum
1618 1258 1673 1321 est,
1685 1255 1734 1308 sed
1772 1254 1849 1309 otius

135 1323 204 1375 tum
216 1319 254 1373 44
269 1335 334 1374 eam
350 1319 492 1375 rationem
509 1337 598 1401 quam
608 1338 698 1393 supra
715 1325 862 1376 numeret
873 1322 968 1393 posui·
1022 1321 1187 1392 putandum
1200 1338 1255 1376 uon
1266 1321 1305 1376 ita
1317 1321 1407 1377 luisse
1418 1321 1447 1374 iu
1460 1339 1515 1377 usn
1526 1324 1650 1394 pcrejus
1660 1271 1847 1380 consuiatum

136 1394 290 1460 mus,tum
300 1389 438 1463 quiaejus
449 1391 545 1446 studio
556 1397 584 1446 et
594 1393 767 1448 emendatus
779 1394 872 1447 iuerat
887 1400 916 1448 et
931 1393 967 1448 ad
1023 1397 1157 1462 tempora
1168 1408 1333 1461 numerare,
1345 1391 1773 1463 14444444444444444444444444
1789 1413 1847 1451 non

137 1478 247 1518 sanam
260 1460 348 1517 iidem
359 1462 723 1534 revocatus.Augustiuum
736 1464 825 1529 enim,
842 1464 967 1519 aliorum
1023 1480 1041 1518 4
1063 1467 1185 1533 pareret.
1200 1463 1258 1519 Hoc
1274 1467 1303 1519 et
1317 1481 1369 1536 444
1386 1468 1462 1519 certo
1478 1463 1646 1520 babendum
1663 1482 1848 1538 nequaquam

137 1531 314 1589 nominibus
324 1533 502 1657 suppressis,
512 1534 664 1589 nominant
679 1534 847 1589 Gennadius
859 1541 887 1589 et
903 1537 969 1590 Leo·
1024 1480 1059 1589 itiJ
1065 1552 1082 1587 4
1092 1534 1186 1588 Leone
1198 1534 1390 1590 omittendum
1403 1534 1504 1601 444444,
1517 1535 1540 1589 44
1554 1552 1626 1590 4444
1635 1535 1761 1602 tulisset,
1773 1554 1847 1618 pras·

136 1603 254 1660 diensis
268 1604 397 1675 epistcae
412 1603 548 1658 Alrorum
564 1606 654 1660 codex
673 1606 750 1677 4444
778 1604 967 1662 sirmondum
1024 1604 1523 1676 444444444441444444444444444
1538 1605 1568 1660 44
1585 1607 1732 1662 Orientem
1750 1624 1847 1663 444444

138 1674 449 1732 tomolConciliorum
461 1674 569 1730 Galliae.
1024 1675 1093 1741 sint,
1103 1680 1131 1729 et
1142 1675 1178 1729 44
1199 1675 1632 1759 94444441441504444444444
1648 1679 1740 1745 dulae,
1757 1679 1849 1734 immo

175 1747 205 1801 7.
215 1745 348 1817 Denique
363 1746 502 1817 Leporius
518 1763 572 1800 suo
585 1745 646 1817 ipse
664 1745 854 1801 subscribens
870 1745 969 1802 libello
1024 1747 1060 1801 44
1077 1747 1431 1819 constantinopolitanum
1447 1749 1619 1817 antistitem,
1636 1749 1672 1803 44
1698 1749 1849 1806 lulianum

137 1816 216 1873 satis
231 1816 341 1872 indicat
355 1816 390 1872 ab
407 1815 464 1871 alio
479 1817 616 1871 eumdem
642 1816 733 1871 luisse
756 1818 969 1888 couscriptum,
1024 1820 1175 1885 Goensem,
1192 1819 1227 1873 44
1249 1819 1431 1874 pulcheriam
1447 1820 1620 1891 Augustam,
1638 1820 1673 1874 od
1704 1822 1849 1877 spadum

137 1904 211 1945 cum
237 1903 304 1943 eum
332 1903 381 1944 suo
395 1904 477 1943 sensu
492 1889 614 1943 dirutum
627 1903 684 1943 esse
708 1895 926 1955 commemorat,
939 1896 968 1943 et
1023 1888 1302 1958 Chalcedonensem‚
1313 1897 1342 1945 et
1352 1891 1387 1945 ad
1399 1890 1496 1962 ipsum
1507 1839 1849 1964 imperatoremilarcin-

138 1959 186 2015 ila
201 1959 238 2015 44
252 1975 286 2014 44
297 1957 429 2030 loquitur
445 1976 451 2014 ε
469 1960 555 2029 Huius
570 1959 793 2029 epistolarium,
811 1960 892 2029 liiijos
907 1961 967 2030 epi·
1024 1977 1104 2014 num.
1118 1959 1229 2025 Quibus
1240 1960 1431 2017 consideratis
1449 1978 1535 2018 nenio
1556 1962 1611 2018 sibi
1630 1963 1765 2019 suadebit
1785 1964 1850 2019 uni·

138 2032 221 2087 stotae
231 2030 429 2102 professionem
440 2048 447 2096 ;
459 2030 489 2084 in
514 2046 572 2100 quo
587 2031 701 2085 videtur
714 2046 777 2084 carn
804 2047 860 2084 nou
877 2047 968 2085 ausus
1023 2047 1086 2086 cani
1099 2032 1264 2112 epistolam,
1276 2039 1343 2104 post
1353 2032 1419 2088 illas
1430 2049 1532 2088 omnes
1543 2032 1682 2104 scriptam
1696 2040 1724 2089 et
1744 2035 1779 2090 44
1793 2036 1849 2091 lta-

138 2117 208 2158 esse
217 2117 321 2157 vocare
336 2117 527 2171 suam,quem
540 2100 649 2155 sciebat
659 2100 695 2155 ali
704 2100 761 2155 alio
773 2101 864 2155 444444
880 2101 969 2156 dicta·
1022 2100 1068 2156 lias
1080 2116 1249 2173 episcopum
1262 2103 1395 2168 missam,
1405 2104 1757 2174 praetcrconsuetudiucm
1767 2106 1852 2161 deco·

139 2176 214 2228 tam.
225 2173 283 2227 Nee
292 2172 392 2244 magni
404 2172 543 2227 momenti
555 2171 682 2243 estquod
694 2188 728 2227 ex
738 2172 877 2243 44444444
891 2177 967 2227 Al'ri-
1024 2175 1117 2227 ratam
1130 2172 1221 2228 l'uisse
1233 2173 1373 2229 Marciani
1385 2173 1512 2228 nomine.

139 2260 285 2300 canorum
297 2243 500 2316 episcoporum
513 2242 636 2325 epistola
651 2242 784 2314 objicias,
797 2243 846 2369 qui
858 2243 969 2298 conses-
1058 2245 1086 2296 2.
1095 2242 1213 2306 Quoties
1233 2244 1352 2299 unicum
1371 2242 1521 2300 consulem
1534 2243 1563 2298 in
1575 2243 1708 2317 epistolis
1718 2245 1781 2301 suis
1795 2250 1849 2302 Leo

139 2313 345 2372 sionemillam
360 2314 802 2395 Leporiiipsiusessetestontur.lt
817 2313 969 2370 ultisenim
1024 2314 1184 2379 annotavit,
1200 2316 1286 2370 toties
1303 2314 1515 2371 Occidentalem
1531 2314 1692 2380 consulem,
1710 2332 1766 2371 non
1783 2334 1849 2373 4444

142 2385 321 2442 nominibus
350 2385 357 2439 i
381 2402 443 2440 sius
459 2389 521 2440 erat
535 2389 563 2439 44
578 2384 738 2452 dicebatur,
756 2385 825 2456 quia
840 2385 972 2441 videlicet
1025 2383 1199 2439 Orientalom
1218 2386 1388 2442 nominavit.
1399 2387 1546 2452 0444444
1558 2386 1586 2441 44
1603 2387 1666 2442 4414
1680 2386 1848 2457 hujusanni

144 2456 244 2530 ipsius
255 2473 343 2512 sensu
358 2402 476 2523 4444444,
491 2456 642 2536 ipsiusque
671 2456 788 2512 nomine
809 2455 972 2527 evulganda
1024 2455 1178 2510 consulatu
1196 2456 1254 2511 iere
1270 2455 1390 2513 vicesies
1405 2457 1447 2512 sic
1462 2461 1601 2513 annotato
1614 2459 1779 2528 usurpavit3
1797 2459 1848 2514 sed

141 2528 445 2600 erat;quiejusfidem
459 2528 752 2598 emendationemque
770 2527 867 2599 palum
885 2528 969 2582 l'acie-
1024 2532 1052 2580 et
1068 2526 1097 2581 in
1115 2525 1181 2581 aliis
1197 2527 1340 2598 pluribus.
1358 2528 1487 2600 Epistola
1500 2528 1578 2583 enim
1594 2531 1627 2583 18
1641 2530 1725 2600 [nune
1744 2529 1783 2597 49]
1800 2547 1848 2585 44.

141 2598 300 2680 hat;quia
324 2597 449 2679 denique
474 2597 671 2678 propriaeam
687 2614 776 2679 manu
793 2597 970 2680 descriptam
1026 2599 1078 2656 4448
1093 2597 1156 2652 4414
1172 2598 1401 2667 Ρ44444444444;
1418 2599 1552 2655 sexenni
1574 2598 1711 2680 l5j23solo
1740 2600 1849 2656 Hercu-

141 2674 477 2797 proprioquemuuitam
493 2667 689 2742 chirographo
703 2685 732 2723 44
748 2667 858 2725 Gallias
874 2674 970 2724 mitte·
1025 2666 1092 2723 lano
1105 2670 1342 2740 ;quatuordecim
1353 2688 1400 2725 au.
1414 2672 1475 2732 453,
1488 2670 1550 2727 4444
1561 2671 1708 2743 04414444;
1721 2672 1785 2727 dues
1800 2690 1847 2728 44.

164 2746 206 2796 at.
223 2742 258 2796 Et
273 2745 350 2797 certe
365 2739 526 2822 plurimum
542 2740 681 2796 intererat
694 2744 764 2795 tunc
777 2741 919 2811 tomporis
939 2741 972 2796 ut
1026 2739 1088 2806 455,
1101 2756 1164 2811 quar
1184 2738 1252 2795 solie
1274 2747 1354 2808 sunt,
1372 2740 1574 2797 Valentiniano
1599 2758 1657 2796 uno
1671 2760 1677 2810 ;
1693 2743 1778 2814 epist.
1797 2744 1849 2799 129

142 2810 970 2885 ipsiusindustriaetingeuioconscriptaessecrederetur,
1037 2826 1112 2865 ianne
1136 2812 1207 2882 159),
1226 2829 1272 2866 44.
1299 2813 1362 2883 458,
1392 2811 1453 2868 4414
1482 2812 1663 2883 trajannum
1681 2814 1766 2885 epist.
1797 2815 1850 2869 137

141 2888 178 2938 44
190 2898 224 2939 44
235 2882 375 2939 libentius
386 2883 611 2955 promptiusque
621 2898 723 2937 corum
735 2883 973 2938 consensussub-
1038 2897 1112 2936 nunc
1131 2884 1189 2953 469)
1207 2900 1253 2937 44.
1271 2884 1333 2951 459,
1350 2881 1411 2939 4414
1427 2883 1577 2940 1444444444
1602 2883 1802 2957 designantur.
1817 2886 1850 2940 44

145 2952 314 3026 4444444444
324 2952 569 3026 4144444444,4444
579 2953 607 3008 44
617 2969 743 3008 errorem
757 2970 843 3010 suum
861 2959 971 3025 pertra·
1027 2969 1085 3024 quo
1096 2954 1239 3011 rationem
1246 2954 1770 3026 simulhabescurtotepistolarhujus
1781 2954 1850 3011 anni

144 3029 213 3082 ctos
226 3026 255 3080 44
265 3024 392 3081 Africam
404 3042 504 3081 secum
522 3025 690 3079 abduxerat.
705 3024 833 3097 Denique
846 3025 974 3098 plurima
1028 3026 1078 3079 454
1093 3024 1226 3108 Adelphii
1238 3026 1334 3097 potius
1346 3026 1532 3081 consulatum
1544 3026 1671 3081 habeant
1698 3043 1767 3081 uam
1778 3027 1851 3082 Mar·

144 3100 220 3154 sunt
231 3096 402 3168 hujusmodi
414 3096 605 3169 epistolarum
620 3094 762 3177 exempla,
776 3113 838 3168 4444
855 3115 913 3152 444
928 3114 973 3152 eo·
1028 3095 1115 3160 ciani,
1140 3102 1226 3152 etiem
1252 3097 1308 3152 illas
1338 3098 1466 3170 epistolas
1490 3115 1592 3154 novem
1618 3099 1653 3153 ad
1670 3043 1851 3155 1444444444

143 3185 216 3224 rum
232 3184 296 3224 4444
309 3169 447 3224 44444444
461 3167 573 3239 444444
597 3172 844 3249 conscripserunt,
858 3169 907 3223 sed
922 3185 970 3222 eo·
985 3204 1007 3271 C
1029 3166 1126 3247 ipsum
1143 3169 1355 3249 conjugemque
1369 3171 1433 3250 ejus
1449 3169 1631 3225 Pulcheriam
1647 3170 1740 3237 datin
1757 3173 1786 3224 44
1798 3187 1851 3226 444

143 3238 330 3296 4444415448
361 3255 466 3294 uorum
484 3238 545 3293 vice
558 3254 590 3294 ac
606 3239 849 3293 nominelueraot
862 3239 897 3293 ab
913 3238 970 3294 4444
1027 3254 1042 3291 4
1065 3237 1153 3292 444414
1173 3255 1261 3309 44444
1286 3240 1462 3295 discutimus
1486 3256 1544 3294 nou
1569 3239 1701 3294 debuerit
1714 3241 1848 3297 annotari

142 3257 469 3382 compositelqalisest
484 3307 606 3365 celebris
624 3308 748 3382 epistola
769 3308 874 3382 Pelagii
909 3327 969 3382 444
1055 3308 1163 3364 urciani
1192 3309 1279 3364 unius
1303 3310 1627 3366 consulatuznimirum
1652 3309 1799 3376 4444444,
1817 3316 1849 3367 44

142 3381 171 3437 ΙΙ
184 3381 220 3436 44
231 3380 324 3436 Eliam
337 3385 366 3437 et
377 3379 448 3436 alios
459 3380 550 3436 lstriae
559 3381 721 3452 episcopos.
734 3379 818 3438 Tales
827 3327 906 3453 4444
915 3384 971 3436 Au·
1024 3384 1175 3460 appparet,
1183 3380 1597 3452 tunctemporisconsuetudo,
1608 3384 1638 3435 ut
1647 3378 1848 3438 Occidentnles

142 3451 312 3525 guatinum,
330 3451 508 3508 Beruardum
522 3456 551 3507 et
565 3451 638 3507 alios
655 3450 797 3523 plurimas,
814 3470 878 3524 444
898 3457 969 3508 4444
1025 3450 1252 3515 0444444444444,
1263 3450 1609 3508 OrientalesOrientalem
1625 3451 1776 3507 consulem
1792 3470 1847 3525 pu-

142 3523 265 3596 quando
277 3523 373 3578 missa
384 3527 462 3589 sunt,
474 3522 582 3578 dietam
597 3523 633 3578 ob
649 3539 767 3578 causam
785 3523 821 3578 iis
832 3541 848 3577 4
860 3524 969 3595 444444
1024 3520 1110 3577 blicis
1126 3522 1331 3578 instrumentis
1346 3522 1548 3579 inscriberent.

143 3593 340 3650 mittebantur
353 3592 499 3649 attribute
514 3599 593 3661 sunt,
610 3610 769 3650 44444444
790 3594 893 3651 merito
901 3597 968 3666 jure
1058 3593 1260 3665 3.Numquam
1270 3593 1311 3649 ita
1321 3611 1338 3649 a
1350 3594 1445 3649 Leone
1476 3594 1581 3649 ositam
1591 3592 1847 3656 essecopsularem

142 3665 296 3740 germanis
310 3664 373 3720 suis
388 3665 557 3721 auctoribus
572 3664 777 3721 restituuntur.
1026 3665 1339 3734 notamililconsulutu,
1354 3665 1405 3720 sed
1416 3612 1591 3720 4414444414
1605 3664 1648 3719 441
1663 3663 1846 3733 4444444444,

182 3736 243 3792 Etsi
258 3753 344 3809 porro
359 3734 508 3792 luculenta
522 3735 584 3791 1444
594 3740 623 3791 44
636 3737 798 3808 Augustino
813 3736 903 3809 digna
930 3736 970 3791 sit
1024 3734 1131 3805 legenti
1142 3735 1529 3804 l'acileestanimadverterc,
1542 3740 1575 3790 ut
1588 3735 1682 3791 aliena
1693 3752 1782 3791 manu
1797 3736 1846 3791 44-

142 3806 269 3880 epistola
279 3824 331 3863 seu
346 3806 671 3874 consessio,noutamen
682 3815 766 3864 tuntoe
779 3809 833 3878 init
849 3810 967 3863 cintori-
1024 3806 1115 3861 ditum
1126 3823 1212 3862 uerno
1224 3824 1281 3862 non
1291 3806 1385 3862 videat
1395 3806 1484 3876 hujus
1494 3806 1623 3879 epistolae
1635 3811 1743 3862 notam.

142 3879 221 3947 lulis,
237 3886 421 3951 utproptereo
449 3880 577 3950 Leporius
605 3880 678 3932 inter
691 3878 811 3933 dederes
822 3878 968 3934 catholicos
1059 3879 1084 3932 4.
1102 3881 1228 3948 Apparet
1240 3894 1273 3933 ex
1290 3877 1419 3949 epistolae
1434 3878 1523 3947 hujus
1544 3878 1723 3949 inspectione
1744 3893 1848 3933 cama

140 3954 299 4006 censeretur
314 3951 344 4005 in
356 3951 474 4013 Oriente,
491 3952 515 4004 et
530 3949 708 4020 Augustinus,
721 3951 769 4019 qui
783 3950 857 4004 solus
870 3966 885 4005 e
900 3966 965 4020 quo·
1023 3951 1113 4003 44444
1135 3948 1225 4003 luisse
1248 3948 1388 4021 scriptam
1404 3951 1439 4020 (r)
1455 3949 1489 4004 44
1514 3949 1762 4005 consultationem
1786 3948 1846 4021 epi-

142 4030 209 4077 tuor
223 4022 451 4104 subscriptoribus
465 4023 598 4092 superstes
608 4022 663 4091 fuit
677 4036 750 4076 enno
762 4021 815 4075 439
829 4020 863 4074 44
877 4023 966 4076 corici·
1023 4035 1177 4091 scoporum
1189 4019 1268 4074 illius
1277 4021 1515 4093 provinciaque
1527 4020 1708 4076 [4444444444
1718 4021 1847 4090 suberat,

142 4093 218 4148 lium
231 4094 397 4164 Ephesinurn
412 4100 758 4161 accureturiquurnqunn
770 4091 850 4145 addit
865 4091 968 4146 ,1.044-
1022 4088 1161 4161 441444444
1180 4090 1391 4148 consolationis
1411 4092 1594 4148 occasionem
1616 4096 1714 4147 natam
1733 4107 1797 4147 esse
1814 4107 1848 4146 ex

141 4163 254 4231 uerius,
266 4164 350 4236 cujus
375 4168 403 4218 et
418 4161 468 4218 illa
491 4162 578 4217 verba
596 4165 667 4217 sunt
689 4178 756 4234 pag.
767 4163 830 4228 230,
846 4164 966 4218 l'olusiu·
1022 4162 1116 4216 reditu
1124 4159 1288 4231 aliquorum
1301 4162 1519 4235 hominum,qui
1530 4162 1847 4235 exiliisregionibusin

139 4251 204 4301 niu,
219 4251 282 4290 cuin
292 4251 325 4291 eo
339 4236 494 4304 tempestate
507 4234 537 4287 in
552 4233 617 4288 aulo
645 4233 783 4289 Tliecdosii
802 4238 965 4301 versaretur,
1022 4232 1218 4304 captivitatem
1233 4234 1349 4290 abducti
1366 4236 1402 4290 44
1418 4235 1530 4307 aliquot
1545 4235 1631 4290 aunis
1652 4237 1766 4289 fuerant
1782 4238 1848 4304 post

139 4322 198 4361 nou
212 4307 362 4361 4444444444
372 4305 428 4360 dici
435 4307 519 4376 potest
531 4304 676 4375 impulsor,
687 4307 718 4358 ut
731 4306 901 4374 Augustinus
909 4321 966 4375 prae
1022 4301 1205 4357 barbaricam
1215 4303 1342 4376 aliquam
1351 4306 1554 4379 irruptionem,
1567 4311 1595 4359 et
1605 4305 1798 4359 tuncdemum
1810 4303 1847 4356 44

139 4378 248 4432 ceteris
255 4379 334 4449 Afris
342 4378 508 4432 nominatior
518 4378 711 4430 accerseretur.
724 4375 868 4430 Neccnim
880 4375 968 4446 Lepo-
1022 4374 1106 4428 sedes
1121 4390 1190 4428 suas
1206 4373 1431 4446 libertatemque
1447 4377 1603 4432 redierant.
1613 4378 1733 4429 Constat
1747 4378 1845 4427 autem

139 4447 216 4516 rius,
228 4453 261 4503 ut
270 4448 407 4513 vidimus,
417 4447 493 4502 inter
503 4447 634 4501 doctores
646 4445 675 4500 in
694 4446 810 4501 Oriente
827 4461 966 4500 numera·
1022 4460 1092 4515 pace
1102 4444 1222 4515 potitam
1235 4445 1325 4502 luisse
1336 4446 1448 4501 ltaliam
1461 4446 1564 4501 Leonis
1576 4462 1656 4516 4444
1665 4442 1846 4515 temporibus

139 4522 254 4586 444444,
266 4519 508 4591 necAugustiuus
524 4517 581 4572 ista
591 4516 844 4572 commendatione
856 4517 966 4587 indige·
1021 4513 1126 4570 saltem
1144 4533 1237 4588 usque
1253 4518 1288 4571 44
1302 4533 1412 4572 annum
1428 4517 1489 4583 451,
1523 4533 1559 4571 44
1573 4517 1675 4570 444444
1690 4515 1765 4570 4444
1776 4513 1847 4570 4444-

139 4589 202 4654 444,
214 4594 247 4645 44
268 4607 327 4663 prae
344 4588 455 4645 ceteris
467 4588 503 4644 ad
519 4589 665 4660 synodum
681 4591 843 4654 vocaretur,
860 4587 906 4642 cui
923 4592 966 4644 tot
981 4573 1005 4639 D
1021 4591 1100 4712 ptam
1112 4603 1176 4643 esse
1192 4586 1431 4668 epistolom3lam
1447 4534 1565 4668 4444444
1577 4593 1705 4668 coeperat
1722 4585 1846 4658 irruptio

138 4660 207 4717 aliis
217 4660 388 4717 nominibus
406 4677 464 4716 uon
475 4659 536 4715 444
551 4659 638 4715 modo
652 4658 851 4731 prerogativa,
869 4659 918 4714 sed
936 4664 965 4714 ct
1042 4659 1213 4714 arbarorum
1223 4659 1297 4713 duce
1308 4657 1398 4712 Attila
1409 4662 1503 4713 timeri
1515 4676 1531 4712 4
1545 4658 1701 4713 Romanis:
1715 4658 1848 4713 vastabat

138 4730 378 4805 singularissimas
411 4748 513 4803 uaeque
528 4730 710 4786 debebantur
720 4730 880 4804 privilegia.
893 4731 963 4786 Vide
1019 4729 1097 4784 euim
1110 4734 1178 4784 tunc
1190 4727 1330 4801 temporis
1339 4727 1501 4784 Galliasvir
1512 4728 1558 4784 ille
1569 4731 1605 4784 44
1623 4729 1777 4785 homiuum
1789 4733 1846 4785 ter·

139 4804 180 4877 (o)
195 4819 285 4876 supra
299 4820 366 4878 pag.
379 4749 422 4858 49.
1020 4816 1114 4866 rorem
1126 4803 1225 4863 natus,
1237 4805 1266 4881 et
1277 4800 1380 4881 merito
1393 4803 1506 4856 tautam
1519 4801 1845 4883 tamquevicionmbar-

349 4927 397 4983 io
417 4926 615 4983 EPISTOLAM
635 4925 748 4981 ccxvi.
1016 4869 1772 5015 ltdltttlltltttttssltlllltttlttltttl
1787 4871 1846 5012 lt·

345 5032 421 5072 aruo
441 5032 629 5079 4444444444
649 5032 751 5070 cxxxv.
1018 5013 1104 5068 Attila
1118 5011 1246 5069 44444444
1261 5024 1399 5086 resninpto
1409 5014 1519 5084 fiducie,
1531 5019 1563 5070 ut
1575 5013 1683 5069 Paulus
1698 5012 1845 5067 Diaconos

334 5109 435 5162 '⁹²⁰⁷‘ae
450 5105 621 5160 '‘mm‘'
632 5104 765 5176 enaoio-
1016 5083 1845 5229 tlllltltttttlttnnltitttlttttltltltt

173 5229 254 5285 llanc
270 5226 538 5301 leonisepistolam
549 5244 564 5282 e
576 5225 638 5283 loco
654 5227 894 5299 quembactenus
910 5228 962 5283 ob·
1016 5226 1127 5282 eccidit.
1146 5226 1273 5282 Multum
1289 5245 1358 5301 ergo
1370 5226 1530 5282 uerisimile
1555 5230 1600 5280 est
1625 5225 1844 5280 ltavcnneuscm

134 5301 266 5358 tinuerat
281 5299 470 5368 dimovimus,
488 5314 615 5381 cumque
630 5299 665 5354 ad
682 5297 820 5354 Marciani
837 5299 961 5372 Augusti
1018 5298 1120 5354 ioco
1134 5298 1280 5371 regionem
1294 5299 1370 5354 inter
1381 5298 1495 5354 Italicas
1505 5295 1731 5366 nobilissimam,
1743 5293 1843 5350 Attila-

135 5372 328 5429 consulatum
340 5371 484 5444 pertinere
496 5371 604 5426 eredita
619 5370 667 5437 sit,
679 5368 840 5441 quiineidit
850 5370 881 5425 in
891 5386 959 5425 ann.
1017 5366 1845 5452 444444444444444444444444(444444444444444444444444-

135 5442 254 5502 Christi.
266 5444 328 5512 451,
338 5459 403 5500 eain
414 5442 547 5499 modoad
559 5441 710 5513 Maioriani
721 5440 845 5514 Augusti
858 5457 960 5497 consu·
1017 5440 1145 5498 44144444
1155 5442 1290 5513 precibus
1302 5441 1453 5498 liberatam
1465 5455 1530 5496 esse
1542 5437 1676 5495 nonnulli
1694 5437 1844 5508 44444444),
1891 5437 1904 5458 “

698 5555 989 5614 BALLERINIORUM
1007 5555 1283 5612 ANNOTATIONES

171 5657 210 5728 (4)
226 5657 278 5713 llic
293 5655 467 5723 Ouesnellus
480 5656 509 5711 iu
521 5672 576 5712 sua
588 5655 714 5712 editione
729 5653 799 5711 44444
816 5671 963 5712 canonum
1018 5656 1095 5712 hanc
1109 5652 1263 5727 epistolam

132 5729 405 5788 collectionemnse
420 5727 529 5784 editam
545 5727 628 5783 initio
644 5727 712 5784 tomi
729 5726 958 5809 secundi,quam
1051 5728 1085 5799 (c)
1097 5727 1161 5781 llaec
1180 5723 1305 5795 epistola
1321 5724 1356 5779 ad
1375 5723 1620 5780 consultationem
1636 5722 1842 5802 episcoporum

132 5819 189 5859 nos
199 5800 323 5858 lomolll
333 5801 518 5866 renudemus,
530 5798 698 5872 indicatque
709 5799 958 5871 finemcapitislb.
1015 5796 1168 5871 provincia
1176 5796 1352 5852 llavennatis
1363 5795 1535 5924 scriptanon
1546 5800 1676 5868 apparet.
1689 5792 1843 5874 Encpclica

172 5873 210 5945 (4)
220 5872 324 5929 Conler
346 5875 478 5929 nostrum
500 5874 597 5928 annot.
612 5871 643 5926 21
658 5871 726 5941 (Col.
744 5871 823 5941 1195,
839 5888 867 5926 n.
885 5872 913 5944 a)
929 5870 959 5927 in
1013 5870 1131 5927 videtur
1141 5868 1176 5924 44
1189 5865 1299 5940 414444,
1311 5872 1342 5925 44
1354 5867 1414 5925 444
1436 5867 1598 5925 monitione
1612 5866 1841 5924 observavimus.
