<?xml version="1.0" encoding="UTF-8"?>
<!DOCTYPE html PUBLIC "-//W3C//DTD XHTML 1.0 Transitional//EN"
    "http://www.w3.org/TR/xhtml1/DTD/xhtml1-transitional.dtd">
<html xmlns="http://www.w3.org/1999/xhtml" xml:lang="en" lang="en">
 <head>
  <title>
</title>
<meta http-equiv="Content-Type" content="text/html;charset=utf-8" />
  <meta name='ocr-system' content='tesseract 3.04.00' />
  <meta name='ocr-capabilities' content='ocr_page ocr_carea ocr_par ocr_line ocrx_word'/>
</head>
<body>
  <div class='ocr_page' id='page_1' title='image "./patrologiaecurs30goog/patrologiaecurs30goog_0011.png"; bbox 0 0 4050 6175; ppageno 0'>
   <div class='ocr_carea' id='block_1_1' title="bbox 104 429 1819 483">
    <p class='ocr_par' dir='ltr' id='par_1_1' title="bbox 104 429 1819 483">
     <span class='ocr_line' id='line_1_1' title="bbox 104 429 1819 483; baseline -0.014 -13"><span class='ocrx_word' id='word_1_1' title='bbox 104 429 1819 483; x_wconf 39' lang='grc' dir='ltr'><em>ωψω-</em></span> 
     </span>
    </p>
   </div>
   <div class='ocr_carea' id='block_1_2' title="bbox 634 651 1296 721">
    <p class='ocr_par' dir='ltr' id='par_1_2' title="bbox 634 651 1296 721">
     <span class='ocr_line' id='line_1_2' title="bbox 634 651 1296 721; baseline -0.014 0"><span class='ocrx_word' id='word_1_2' title='bbox 634 651 957 721; x_wconf 78' lang='lat' dir='ltr'><strong>BALLERINIORUM</strong></span> <span class='ocrx_word' id='word_1_3' title='bbox 979 651 1296 716; x_wconf 78' lang='lat' dir='ltr'><strong>NUNGUPATORIA.</strong></span> 
     </span>
    </p>
   </div>
   <div class='ocr_carea' id='block_1_3' title="bbox 482 885 1456 1130">
    <p class='ocr_par' dir='ltr' id='par_1_3' title="bbox 482 885 1456 1130">
     <span class='ocr_line' id='line_1_3' title="bbox 482 885 1456 1130; baseline -0.009 -2"><span class='ocrx_word' id='word_1_4' title='bbox 482 885 1187 1130; x_wconf 75' lang='lat' dir='ltr'><em>uvvvvicvv</em></span> <span class='ocrx_word' id='word_1_5' title='bbox 1232 947 1456 1120; x_wconf 83' lang='lat' dir='ltr'><em>xiv</em></span> 
     </span>
    </p>
   </div>
   <div class='ocr_carea' id='block_1_4' title="bbox 694 1240 1241 1337">
    <p class='ocr_par' dir='ltr' id='par_1_4' title="bbox 694 1240 1241 1337">
     <span class='ocr_line' id='line_1_4' title="bbox 694 1240 1241 1337; baseline -0.007 -2"><span class='ocrx_word' id='word_1_6' title='bbox 694 1246 982 1337; x_wconf 85' lang='lat' dir='ltr'><strong>PONTIFICI</strong></span> <span class='ocrx_word' id='word_1_7' title='bbox 1007 1240 1241 1336; x_wconf 78' lang='lat' dir='ltr'><strong>MAXIMO</strong></span> 
     </span>
    </p>
   </div>
   <div class='ocr_carea' id='block_1_5' title="bbox 360 1425 1576 1674">
    <p class='ocr_par' dir='ltr' id='par_1_5' title="bbox 360 1425 1576 1674">
     <span class='ocr_line' id='line_1_5' title="bbox 360 1425 1576 1516; baseline -0.009 -2"><span class='ocrx_word' id='word_1_8' title='bbox 360 1447 550 1516; x_wconf 79' lang='lat' dir='ltr'>PETRUS</span> <span class='ocrx_word' id='word_1_9' title='bbox 591 1425 655 1515; x_wconf 70' lang='lat' dir='ltr'><em>ET</em></span> <span class='ocrx_word' id='word_1_10' title='bbox 688 1445 1010 1514; x_wconf 79' lang='lat' dir='ltr'>HIERONYMUS</span> <span class='ocrx_word' id='word_1_11' title='bbox 1045 1440 1264 1510; x_wconf 74' lang='lat' dir='ltr'><strong>FRATRES</strong></span> <span class='ocrx_word' id='word_1_12' title='bbox 1302 1438 1576 1506; x_wconf 74' lang='lat' dir='ltr'><strong>BALLERINII</strong></span> 
     </span>
     <span class='ocr_line' id='line_1_6' title="bbox 721 1609 1385 1674; baseline -0.014 0"><span class='ocrx_word' id='word_1_13' title='bbox 721 1614 945 1674; x_wconf 69' lang='lat' dir='ltr'><em>ansstvvvl</em></span> <span class='ocrx_word' id='word_1_14' title='bbox 962 1609 1210 1672; x_wconf 72' lang='lat' dir='ltr'><strong>VERONENSRS.</strong></span> <span class='ocrx_word' id='word_1_15' title='bbox 1365 1609 1385 1644; x_wconf 60' lang='grc' dir='ltr'><strong>θ</strong></span> 
     </span>
    </p>
   </div>
   <div class='ocr_carea' id='block_1_6' title="bbox 862 1781 1063 1798">
    <p class='ocr_par' dir='ltr' id='par_1_6' title="bbox 862 1781 1063 1798">
     <span class='ocr_line' id='line_1_7' title="bbox 862 1781 1063 1798; baseline -0.01 -1"><span class='ocrx_word' id='word_1_16' title='bbox 862 1781 1063 1798; x_wconf 46' lang='grc' dir='ltr'><em>*ἀ</em></span> 
     </span>
    </p>
   </div>
   <div class='ocr_carea' id='block_1_7' title="bbox 114 1903 1892 5731">
    <p class='ocr_par' dir='ltr' id='par_1_7' title="bbox 115 1903 1821 2293">
     <span class='ocr_line' id='line_1_8' title="bbox 149 1903 1820 1997; baseline -0.007 -16"><span class='ocrx_word' id='word_1_17' title='bbox 149 1917 225 1981; x_wconf 76' lang='lat' dir='ltr'><em>Huc</em></span> <span class='ocrx_word' id='word_1_18' title='bbox 251 1915 442 1979; x_wconf 69' lang='lat' dir='ltr'><em>sanctissimi</em></span> <span class='ocrx_word' id='word_1_19' title='bbox 459 1933 541 1997; x_wconf 87' lang='lat' dir='ltr'><em>aque</em></span> <span class='ocrx_word' id='word_1_20' title='bbox 564 1932 599 1976; x_wconf 92' lang='lat' dir='ltr'><em>ae</em></span> <span class='ocrx_word' id='word_1_21' title='bbox 624 1909 788 1975; x_wconf 77' lang='lat' dir='ltr'><em>doctissimi</em></span> <span class='ocrx_word' id='word_1_22' title='bbox 803 1912 910 1975; x_wconf 83' lang='lat' dir='ltr'><em>sumini</em></span> <span class='ocrx_word' id='word_1_23' title='bbox 931 1907 1085 1995; x_wconf 77' lang='lat' dir='ltr'><em>pontificis</em></span> <span class='ocrx_word' id='word_1_24' title='bbox 1116 1912 1230 1972; x_wconf 78' lang='lat' dir='ltr'><em>Leonis</em></span> <span class='ocrx_word' id='word_1_25' title='bbox 1252 1906 1358 1970; x_wconf 73' lang='lat' dir='ltr'><em>Meum</em></span> <span class='ocrx_word' id='word_1_26' title='bbox 1382 1904 1490 1988; x_wconf 85' lang='lat' dir='ltr'><em>Opera,</em></span> <span class='ocrx_word' id='word_1_27' title='bbox 1518 1923 1585 1988; x_wconf 76' lang='lat' dir='ltr'><em>quc</em></span> <span class='ocrx_word' id='word_1_28' title='bbox 1613 1904 1655 1969; x_wconf 92' lang='lat' dir='ltr'><em>ad</em></span> <span class='ocrx_word' id='word_1_29' title='bbox 1675 1903 1820 1990; x_wconf 76' lang='lat' dir='ltr'><em>prestan-</em></span> 
     </span>
     <span class='ocr_line' id='line_1_9' title="bbox 115 2002 1821 2093; baseline -0.006 -14"><span class='ocrx_word' id='word_1_30' title='bbox 115 2018 242 2078; x_wconf 71' lang='lat' dir='ltr'><em>nmmos</em></span> <span class='ocrx_word' id='word_1_31' title='bbox 253 2012 382 2088; x_wconf 86' lang='lat' dir='ltr'><em>codices,</em></span> <span class='ocrx_word' id='word_1_32' title='bbox 395 2012 561 2093; x_wconf 75' lang='lat' dir='ltr'><em>presertim</em></span> <span class='ocrx_word' id='word_1_33' title='bbox 578 2011 735 2085; x_wconf 82' lang='lat' dir='ltr'><em>Rornanos,</em></span> <span class='ocrx_word' id='word_1_34' title='bbox 750 2018 865 2084; x_wconf 77' lang='lat' dir='ltr'><em>evecto,</em></span> <span class='ocrx_word' id='word_1_35' title='bbox 868 2007 1068 2071; x_wconf 80' lang='lat' dir='ltr'><em>emendatiora</em></span> <span class='ocrx_word' id='word_1_36' title='bbox 1078 2007 1250 2069; x_wconf 84' lang='lat' dir='ltr'><em>eteuetiora</em></span> <span class='ocrx_word' id='word_1_37' title='bbox 1262 2025 1341 2067; x_wconf 88' lang='lat' dir='ltr'><em>nunc</em></span> <span class='ocrx_word' id='word_1_38' title='bbox 1351 2002 1510 2085; x_wconf 89' lang='lat' dir='ltr'><em>prodeunt,</em></span> <span class='ocrx_word' id='word_1_39' title='bbox 1514 2023 1560 2066; x_wconf 90' lang='lat' dir='ltr'><em>cui</em></span> <span class='ocrx_word' id='word_1_40' title='bbox 1569 2006 1668 2086; x_wconf 87' lang='lat' dir='ltr'><em>potius</em></span> <span class='ocrx_word' id='word_1_41' title='bbox 1678 2006 1821 2069; x_wconf 88' lang='lat' dir='ltr'><em>inscribe-</em></span> 
     </span>
     <span class='ocr_line' id='line_1_10' title="bbox 115 2100 1820 2197; baseline -0.008 -19"><span class='ocrx_word' id='word_1_42' title='bbox 115 2133 210 2178; x_wconf 82' lang='lat' dir='ltr'><em>rcmvs</em></span> <span class='ocrx_word' id='word_1_43' title='bbox 239 2131 334 2197; x_wconf 85' lang='lat' dir='ltr'><em>quum</em></span> <span class='ocrx_word' id='word_1_44' title='bbox 365 2110 432 2189; x_wconf 89' lang='lat' dir='ltr'><em>tibi,</em></span> <span class='ocrx_word' id='word_1_45' title='bbox 462 2109 623 2173; x_wconf 88' lang='lat' dir='ltr'><em>beatissime</em></span> <span class='ocrx_word' id='word_1_46' title='bbox 651 2109 754 2183; x_wconf 84' lang='lat' dir='ltr'><em>Potor,</em></span> <span class='ocrx_word' id='word_1_47' title='bbox 782 2110 838 2190; x_wconf 88' lang='lat' dir='ltr'><em>qvi</em></span> <span class='ocrx_word' id='word_1_48' title='bbox 867 2108 945 2170; x_wconf 89' lang='lat' dir='ltr'><em>tanti</em></span> <span class='ocrx_word' id='word_1_49' title='bbox 967 2106 1161 2189; x_wconf 70' lang='lat' dir='ltr'><em>pontificis</em></span> <span class='ocrx_word' id='word_1_50' title='bbox 1147 2125 1178 2166; x_wconf 92' lang='lat' dir='ltr'><em>in</em></span> <span class='ocrx_word' id='word_1_51' title='bbox 1204 2103 1305 2167; x_wconf 84' lang='lat' dir='ltr'><em>eaden</em></span> <span class='ocrx_word' id='word_1_52' title='bbox 1332 2102 1467 2165; x_wconf 87' lang='lat' dir='ltr'><em>Romano</em></span> <span class='ocrx_word' id='word_1_53' title='bbox 1495 2100 1637 2166; x_wconf 75' lang='lat' dir='ltr'><em>cathedra</em></span> <span class='ocrx_word' id='word_1_54' title='bbox 1663 2122 1820 2182; x_wconf 83' lang='lat' dir='ltr'><em>successor,</em></span> 
     </span>
     <span class='ocr_line' id='line_1_11' title="bbox 119 2195 1820 2293; baseline -0.006 -16"><span class='ocrx_word' id='word_1_55' title='bbox 119 2213 214 2277; x_wconf 83' lang='lat' dir='ltr'><em>iisdem</em></span> <span class='ocrx_word' id='word_1_56' title='bbox 237 2211 415 2293; x_wconf 76' lang='lat' dir='ltr'><em>eeiiipsius</em></span> <span class='ocrx_word' id='word_1_57' title='bbox 435 2228 470 2272; x_wconf 87' lang='lat' dir='ltr'><em>ac</em></span> <span class='ocrx_word' id='word_1_58' title='bbox 490 2206 632 2270; x_wconf 76' lang='lat' dir='ltr'><em>doctrines</em></span> <span class='ocrx_word' id='word_1_59' title='bbox 653 2205 784 2287; x_wconf 76' lang='lat' dir='ltr'><em>vestipus</em></span> <span class='ocrx_word' id='word_1_60' title='bbox 806 2207 949 2278; x_wconf 73' lang='lat' dir='ltr'><em>insistens,</em></span> <span class='ocrx_word' id='word_1_61' title='bbox 972 2203 1048 2266; x_wconf 86' lang='lat' dir='ltr'><em>idem</em></span> <span class='ocrx_word' id='word_1_62' title='bbox 1069 2219 1191 2267; x_wconf 69' lang='lat' dir='ltr'><em>naeuus</em></span> <span class='ocrx_word' id='word_1_63' title='bbox 1213 2206 1274 2268; x_wconf 79' lang='lat' dir='ltr'><em>Leo</em></span> <span class='ocrx_word' id='word_1_64' title='bbox 1296 2201 1447 2263; x_wconf 87' lang='lat' dir='ltr'><em>redivivus</em></span> <span class='ocrx_word' id='word_1_65' title='bbox 1468 2195 1601 2262; x_wconf 73' lang='lat' dir='ltr'><em>videris?</em></span> <span class='ocrx_word' id='word_1_66' title='bbox 1586 2199 1676 2264; x_wconf 81' lang='lat' dir='ltr'><em>tltte</em></span> <span class='ocrx_word' id='word_1_67' title='bbox 1702 2202 1820 2286; x_wconf 87' lang='lat' dir='ltr'><em>quidem</em></span> 
     </span>
    </p>

    <p class='ocr_par' dir='ltr' id='par_1_8' title="bbox 114 2300 1826 3253">
     <span class='ocr_line' id='line_1_12' title="bbox 125 2300 1822 2392; baseline -0.003 -21.858"><span class='ocrx_word' id='word_1_68' title='bbox 125 2310 261 2392; x_wconf 70' lang='lat' dir='ltr'><em>niphis-o</em></span> <span class='ocrx_word' id='word_1_69' title='bbox 282 2317 314 2368; x_wconf 88' lang='lat' dir='ltr'><em>et</em></span> <span class='ocrx_word' id='word_1_70' title='bbox 331 2306 483 2389; x_wconf 63' lang='lat' dir='ltr'><em>mactare</em></span> <span class='ocrx_word' id='word_1_71' title='bbox 503 2304 643 2366; x_wconf 89' lang='lat' dir='ltr'><em>diuturni</em></span> <span class='ocrx_word' id='word_1_72' title='bbox 658 2303 851 2387; x_wconf 77' lang='lat' dir='ltr'><em>pontificatus</em></span> <span class='ocrx_word' id='word_1_73' title='bbox 871 2309 965 2384; x_wconf 84' lang='lat' dir='ltr'><em>qesta,</em></span> <span class='ocrx_word' id='word_1_74' title='bbox 987 2300 1105 2383; x_wconf 88' lang='lat' dir='ltr'><em>quibus,</em></span> <span class='ocrx_word' id='word_1_75' title='bbox 1128 2300 1211 2365; x_wconf 78' lang='lat' dir='ltr'><em>nubles</em></span> <span class='ocrx_word' id='word_1_76' title='bbox 1242 2311 1404 2383; x_wconf 85' lang='lat' dir='ltr'><em>temporum</em></span> <span class='ocrx_word' id='word_1_77' title='bbox 1434 2319 1591 2381; x_wconf 77' lang='lat' dir='ltr'><em>renumque</em></span> <span class='ocrx_word' id='word_1_78' title='bbox 1620 2300 1822 2365; x_wconf 82' lang='lat' dir='ltr'><em>vicissitudine</em></span> 
     </span>
     <span class='ocr_line' id='line_1_13' title="bbox 122 2395 1825 2489; baseline -0.003 -22"><span class='ocrx_word' id='word_1_79' title='bbox 122 2418 178 2468; x_wconf 78' lang='lat' dir='ltr'><em>cut</em></span> <span class='ocrx_word' id='word_1_80' title='bbox 196 2403 393 2488; x_wconf 75' lang='lat' dir='ltr'><em>difficultate,</em></span> <span class='ocrx_word' id='word_1_81' title='bbox 426 2403 615 2489; x_wconf 80' lang='lat' dir='ltr'><em>perterritis,</em></span> <span class='ocrx_word' id='word_1_82' title='bbox 645 2402 784 2464; x_wconf 81' lang='lat' dir='ltr'><em>adversus</em></span> <span class='ocrx_word' id='word_1_83' title='bbox 820 2412 1004 2464; x_wconf 85' lang='lat' dir='ltr'><em>contumaces</em></span> <span class='ocrx_word' id='word_1_84' title='bbox 1031 2419 1066 2461; x_wconf 88' lang='lat' dir='ltr'><em>oc</em></span> <span class='ocrx_word' id='word_1_85' title='bbox 1091 2397 1226 2462; x_wconf 80' lang='lat' dir='ltr'><em>subdolos</em></span> <span class='ocrx_word' id='word_1_86' title='bbox 1255 2397 1329 2480; x_wconf 70' lang='lat' dir='ltr'><em>fidei</em></span> <span class='ocrx_word' id='word_1_87' title='bbox 1361 2398 1464 2473; x_wconf 84' lang='lat' dir='ltr'><em>bostis,</em></span> <span class='ocrx_word' id='word_1_88' title='bbox 1502 2395 1651 2461; x_wconf 78' lang='lat' dir='ltr'><em>cotbolicae</em></span> <span class='ocrx_word' id='word_1_89' title='bbox 1683 2397 1825 2463; x_wconf 69' lang='lat' dir='ltr'><em>vertetu</em></span> 
     </span>
     <span class='ocr_line' id='line_1_14' title="bbox 118 2492 1824 2585; baseline -0.004 -18"><span class='ocrx_word' id='word_1_90' title='bbox 118 2504 260 2585; x_wconf 84' lang='lat' dir='ltr'><em>doqmsta</em></span> <span class='ocrx_word' id='word_1_91' title='bbox 281 2500 414 2582; x_wconf 73' lang='lat' dir='ltr'><em>defendit</em></span> <span class='ocrx_word' id='word_1_92' title='bbox 436 2501 588 2573; x_wconf 81' lang='lat' dir='ltr'><em>acerri,ine</em></span> <span class='ocrx_word' id='word_1_93' title='bbox 612 2509 639 2563; x_wconf 91' lang='lat' dir='ltr'><em>et</em></span> <span class='ocrx_word' id='word_1_94' title='bbox 660 2500 781 2561; x_wconf 88' lang='lat' dir='ltr'><em>novitiis</em></span> <span class='ocrx_word' id='word_1_95' title='bbox 801 2518 837 2562; x_wconf 90' lang='lat' dir='ltr'><em>ac</em></span> <span class='ocrx_word' id='word_1_96' title='bbox 859 2496 1026 2560; x_wconf 82' lang='lat' dir='ltr'><em>temerariis</em></span> <span class='ocrx_word' id='word_1_97' title='bbox 1046 2495 1242 2579; x_wconf 82' lang='lat' dir='ltr'><em>quorumdam</em></span> <span class='ocrx_word' id='word_1_98' title='bbox 1264 2493 1384 2557; x_wconf 88' lang='lat' dir='ltr'><em>ausibus</em></span> <span class='ocrx_word' id='word_1_99' title='bbox 1404 2513 1462 2557; x_wconf 85' lang='lat' dir='ltr'><em>sese</em></span> <span class='ocrx_word' id='word_1_100' title='bbox 1490 2492 1645 2577; x_wconf 86' lang='lat' dir='ltr'><em>objici‚eas</em></span> <span class='ocrx_word' id='word_1_101' title='bbox 1666 2493 1824 2560; x_wconf 73' lang='lat' dir='ltr'><em>Ecclesia·</em></span> 
     </span>
     <span class='ocr_line' id='line_1_15' title="bbox 118 2575 1823 2684; baseline -0.004 -21"><span class='ocrx_word' id='word_1_102' title='bbox 118 2623 185 2664; x_wconf 86' lang='lat' dir='ltr'><em>rum</em></span> <span class='ocrx_word' id='word_1_103' title='bbox 205 2599 376 2684; x_wconf 76' lang='lat' dir='ltr'><em>quiviieqiu</em></span> <span class='ocrx_word' id='word_1_104' title='bbox 404 2607 433 2661; x_wconf 91' lang='lat' dir='ltr'><em>et</em></span> <span class='ocrx_word' id='word_1_105' title='bbox 453 2575 618 2682; x_wconf 75' lang='lat' dir='ltr'><em>opos&#39;toticae</em></span> <span class='ocrx_word' id='word_1_106' title='bbox 646 2595 759 2659; x_wconf 91' lang='lat' dir='ltr'><em>sedis</em></span> <span class='ocrx_word' id='word_1_107' title='bbox 738 2615 816 2679; x_wconf 80' lang='lat' dir='ltr'><em>puro</em></span> <span class='ocrx_word' id='word_1_108' title='bbox 836 2595 958 2677; x_wconf 78' lang='lat' dir='ltr'><em>sortiter</em></span> <span class='ocrx_word' id='word_1_109' title='bbox 986 2594 1158 2669; x_wconf 82' lang='lat' dir='ltr'><em>vindicavit</em></span> <span class='ocrx_word' id='word_1_110' title='bbox 1178 2602 1209 2655; x_wconf 84' lang='lat' dir='ltr'><em>nt</em></span> <span class='ocrx_word' id='word_1_111' title='bbox 1228 2613 1285 2675; x_wconf 90' lang='lat' dir='ltr'><em>pro</em></span> <span class='ocrx_word' id='word_1_112' title='bbox 1315 2591 1449 2656; x_wconf 83' lang='lat' dir='ltr'><em>custodia</em></span> <span class='ocrx_word' id='word_1_113' title='bbox 1469 2612 1504 2656; x_wconf 88' lang='lat' dir='ltr'><em>vc</em></span> <span class='ocrx_word' id='word_1_114' title='bbox 1524 2592 1712 2658; x_wconf 82' lang='lat' dir='ltr'><em>observantie</em></span> <span class='ocrx_word' id='word_1_115' title='bbox 1731 2592 1823 2657; x_wconf 82' lang='lat' dir='ltr'><em>eccle-</em></span> 
     </span>
     <span class='ocr_line' id='line_1_16' title="bbox 115 2689 1824 2779; baseline -0.005 -14"><span class='ocrx_word' id='word_1_116' title='bbox 115 2701 242 2764; x_wconf 71' lang='lat' dir='ltr'><em>siastice</em></span> <span class='ocrx_word' id='word_1_117' title='bbox 263 2697 431 2779; x_wconf 73' lang='lat' dir='ltr'><em>disciptinae</em></span> <span class='ocrx_word' id='word_1_118' title='bbox 452 2698 608 2778; x_wconf 76' lang='lat' dir='ltr'><em>irrepentes</em></span> <span class='ocrx_word' id='word_1_119' title='bbox 629 2695 811 2779; x_wconf 66' lang='lat' dir='ltr'><em>corruptelas</em></span> <span class='ocrx_word' id='word_1_120' title='bbox 831 2705 860 2757; x_wconf 89' lang='lat' dir='ltr'><em>et</em></span> <span class='ocrx_word' id='word_1_121' title='bbox 880 2693 989 2757; x_wconf 85' lang='lat' dir='ltr'><em>abusus</em></span> <span class='ocrx_word' id='word_1_122' title='bbox 1009 2691 1154 2774; x_wconf 88' lang='lat' dir='ltr'><em>deteqere,</em></span> <span class='ocrx_word' id='word_1_123' title='bbox 1174 2692 1385 2774; x_wconf 74' lang='lat' dir='ltr'><em>peribisque,</em></span> <span class='ocrx_word' id='word_1_124' title='bbox 1409 2689 1564 2754; x_wconf 87' lang='lat' dir='ltr'><em>ernendare</em></span> <span class='ocrx_word' id='word_1_125' title='bbox 1584 2696 1611 2754; x_wconf 86' lang='lat' dir='ltr'><em>&#39;et</em></span> <span class='ocrx_word' id='word_1_126' title='bbox 1636 2689 1824 2775; x_wconf 83' lang='lat' dir='ltr'><em>eusti‘nquere</em></span> 
     </span>
     <span class='ocr_line' id='line_1_17' title="bbox 115 2789 1824 2877; baseline -0.005 -14"><span class='ocrx_word' id='word_1_127' title='bbox 115 2803 199 2862; x_wconf 82' lang='lat' dir='ltr'><em>nimis</em></span> <span class='ocrx_word' id='word_1_128' title='bbox 218 2808 280 2872; x_wconf 71' lang='lat' dir='ltr'><em>est,</em></span> <span class='ocrx_word' id='word_1_129' title='bbox 304 2795 405 2870; x_wconf 84' lang='lat' dir='ltr'><em>iiie,</em></span> <span class='ocrx_word' id='word_1_130' title='bbox 390 2811 521 2877; x_wconf 88' lang='lat' dir='ltr'><em>inquom,</em></span> <span class='ocrx_word' id='word_1_131' title='bbox 546 2803 647 2857; x_wconf 81' lang='lat' dir='ltr'><em>tantvs</em></span> <span class='ocrx_word' id='word_1_132' title='bbox 664 2794 805 2877; x_wconf 70' lang='lat' dir='ltr'><em>pontifex</em></span> <span class='ocrx_word' id='word_1_133' title='bbox 835 2792 871 2855; x_wconf 94' lang='lat' dir='ltr'><em>ob</em></span> <span class='ocrx_word' id='word_1_134' title='bbox 895 2803 956 2855; x_wconf 90' lang='lat' dir='ltr'><em>tom</em></span> <span class='ocrx_word' id='word_1_135' title='bbox 982 2790 1136 2875; x_wconf 77' lang='lat' dir='ltr'><em>preclara</em></span> <span class='ocrx_word' id='word_1_136' title='bbox 1163 2800 1245 2870; x_wconf 86' lang='lat' dir='ltr'><em>qesta</em></span> <span class='ocrx_word' id='word_1_137' title='bbox 1267 2791 1372 2854; x_wconf 73' lang='lat' dir='ltr'><em>Misus</em></span> <span class='ocrx_word' id='word_1_138' title='bbox 1401 2789 1563 2852; x_wconf 83' lang='lat' dir='ltr'><em>titulum</em></span> <span class='ocrx_word' id='word_1_139' title='bbox 1541 2809 1614 2874; x_wconf 80' lang='lat' dir='ltr'><em>pure</em></span> <span class='ocrx_word' id='word_1_140' title='bbox 1632 2792 1824 2874; x_wconf 87' lang='lat' dir='ltr'><em>promeruit;</em></span> 
     </span>
     <span class='ocr_line' id='line_1_18' title="bbox 116 2887 1825 2982; baseline -0.002 -26"><span class='ocrx_word' id='word_1_141' title='bbox 116 2900 243 2981; x_wconf 78' lang='lat' dir='ltr'><em>ejusque</em></span> <span class='ocrx_word' id='word_1_142' title='bbox 263 2893 397 2976; x_wconf 78' lang='lat' dir='ltr'><em>insiqni&#39;a</em></span> <span class='ocrx_word' id='word_1_143' title='bbox 420 2891 527 2976; x_wconf 84' lang='lat' dir='ltr'><em>Opera,</em></span> <span class='ocrx_word' id='word_1_144' title='bbox 551 2891 654 2982; x_wconf 89' lang='lat' dir='ltr'><em>quibui</em></span> <span class='ocrx_word' id='word_1_145' title='bbox 675 2909 722 2954; x_wconf 91' lang='lat' dir='ltr'><em>res</em></span> <span class='ocrx_word' id='word_1_146' title='bbox 741 2899 784 2953; x_wconf 90' lang='lat' dir='ltr'><em>tot</em></span> <span class='ocrx_word' id='word_1_147' title='bbox 804 2910 840 2954; x_wconf 88' lang='lat' dir='ltr'><em>oc</em></span> <span class='ocrx_word' id='word_1_148' title='bbox 862 2901 921 2953; x_wconf 88' lang='lat' dir='ltr'><em>tani</em></span> <span class='ocrx_word' id='word_1_149' title='bbox 942 2908 1048 2971; x_wconf 87' lang='lat' dir='ltr'><em>qroves</em></span> <span class='ocrx_word' id='word_1_150' title='bbox 1065 2888 1217 2971; x_wconf 86' lang='lat' dir='ltr'><em>promovit</em></span> <span class='ocrx_word' id='word_1_151' title='bbox 1238 2897 1327 2971; x_wconf 87' lang='lat' dir='ltr'><em>atquc</em></span> <span class='ocrx_word' id='word_1_152' title='bbox 1343 2887 1483 2971; x_wconf 76' lang='lat' dir='ltr'><em>perfecit,</em></span> <span class='ocrx_word' id='word_1_153' title='bbox 1505 2888 1536 2949; x_wconf 90' lang='lat' dir='ltr'><em>ia</em></span> <span class='ocrx_word' id='word_1_154' title='bbox 1548 2907 1707 2972; x_wconf 86' lang='lat' dir='ltr'><em>perennem</em></span> <span class='ocrx_word' id='word_1_155' title='bbox 1724 2900 1825 2973; x_wconf 85' lang='lat' dir='ltr'><em>poste·</em></span> 
     </span>
     <span class='ocr_line' id='line_1_19' title="bbox 117 2984 1826 3069; baseline -0.003 -12"><span class='ocrx_word' id='word_1_156' title='bbox 117 3015 224 3057; x_wconf 86' lang='lat' dir='ltr'><em>roricai</em></span> <span class='ocrx_word' id='word_1_157' title='bbox 255 2991 430 3053; x_wconf 80' lang='lat' dir='ltr'><em>memoriam</em></span> <span class='ocrx_word' id='word_1_158' title='bbox 450 2990 492 3053; x_wconf 91' lang='lat' dir='ltr'><em>od</em></span> <span class='ocrx_word' id='word_1_159' title='bbox 519 3009 571 3052; x_wconf 85' lang='lat' dir='ltr'><em>nos</em></span> <span class='ocrx_word' id='word_1_160' title='bbox 603 2988 785 3066; x_wconf 84' lang='lat' dir='ltr'><em>transmisso,</em></span> <span class='ocrx_word' id='word_1_161' title='bbox 818 2988 1014 3069; x_wconf 76' lang='lat' dir='ltr'><em>maximisque</em></span> <span class='ocrx_word' id='word_1_162' title='bbox 1044 2987 1182 3049; x_wconf 73' lang='lat' dir='ltr'><em>encomiis</em></span> <span class='ocrx_word' id='word_1_163' title='bbox 1202 3005 1262 3048; x_wconf 91' lang='lat' dir='ltr'><em>non</em></span> <span class='ocrx_word' id='word_1_164' title='bbox 1282 2984 1417 3049; x_wconf 84' lang='lat' dir='ltr'><em>intuma</em></span> <span class='ocrx_word' id='word_1_165' title='bbox 1446 2986 1573 3063; x_wconf 79' lang='lat' dir='ltr'><em>Latinis,</em></span> <span class='ocrx_word' id='word_1_166' title='bbox 1606 3006 1708 3051; x_wconf 86' lang='lat' dir='ltr'><em>verum</em></span> <span class='ocrx_word' id='word_1_167' title='bbox 1736 2990 1826 3052; x_wconf 85' lang='lat' dir='ltr'><em>etiam</em></span> 
     </span>
     <span class='ocr_line' id='line_1_20' title="bbox 114 3082 1826 3171; baseline -0.003 -14"><span class='ocrx_word' id='word_1_168' title='bbox 114 3112 136 3157; x_wconf 78' lang='lat' dir='ltr'><em>s</em></span> <span class='ocrx_word' id='word_1_169' title='bbox 158 3092 277 3157; x_wconf 72' lang='lat' dir='ltr'><em>Groui</em></span> <span class='ocrx_word' id='word_1_170' title='bbox 299 3098 361 3152; x_wconf 89' lang='lat' dir='ltr'><em>tuni</em></span> <span class='ocrx_word' id='word_1_171' title='bbox 382 3088 524 3171; x_wconf 82' lang='lat' dir='ltr'><em>antiquis,</em></span> <span class='ocrx_word' id='word_1_172' title='bbox 550 3094 611 3149; x_wconf 89' lang='lat' dir='ltr'><em>tuni</em></span> <span class='ocrx_word' id='word_1_173' title='bbox 633 3084 856 3162; x_wconf 85' lang='lat' dir='ltr'><em>recentioribus,</em></span> <span class='ocrx_word' id='word_1_174' title='bbox 878 3082 1091 3161; x_wconf 87' lang='lat' dir='ltr'><em>commendato,</em></span> <span class='ocrx_word' id='word_1_175' title='bbox 1123 3082 1254 3167; x_wconf 85' lang='lat' dir='ltr'><em>ejusdem</em></span> <span class='ocrx_word' id='word_1_176' title='bbox 1274 3084 1354 3147; x_wconf 86' lang='lat' dir='ltr'><em>tituli</em></span> <span class='ocrx_word' id='word_1_177' title='bbox 1383 3093 1519 3148; x_wconf 88' lang='lat' dir='ltr'><em>meritum</em></span> <span class='ocrx_word' id='word_1_178' title='bbox 1540 3105 1576 3149; x_wconf 91' lang='lat' dir='ltr'><em>ae</em></span> <span class='ocrx_word' id='word_1_179' title='bbox 1598 3085 1753 3170; x_wconf 86' lang='lat' dir='ltr'><em>justitium</em></span> <span class='ocrx_word' id='word_1_180' title='bbox 1774 3086 1826 3152; x_wconf 88' lang='lat' dir='ltr'><em>de-</em></span> 
     </span>
     <span class='ocr_line' id='line_1_21' title="bbox 117 3197 302 3253; baseline -0.022 0"><span class='ocrx_word' id='word_1_181' title='bbox 117 3197 302 3253; x_wconf 70' lang='lat' dir='ltr'><em>montrum,</em></span> 
     </span>
    </p>

    <p class='ocr_par' dir='ltr' id='par_1_9' title="bbox 117 3280 1833 4641">
     <span class='ocr_line' id='line_1_22' title="bbox 158 3280 1825 3368; baseline 0.001 -19"><span class='ocrx_word' id='word_1_182' title='bbox 158 3285 245 3365; x_wconf 84' lang='lat' dir='ltr'><em>Quid</em></span> <span class='ocrx_word' id='word_1_183' title='bbox 264 3293 363 3349; x_wconf 72' lang='lat' dir='ltr'><em>uuum</em></span> <span class='ocrx_word' id='word_1_184' title='bbox 384 3282 420 3345; x_wconf 89' lang='lat' dir='ltr'><em>de</em></span> <span class='ocrx_word' id='word_1_185' title='bbox 442 3292 480 3359; x_wconf 92' lang='lat' dir='ltr'><em>te,</em></span> <span class='ocrx_word' id='word_1_186' title='bbox 505 3281 669 3345; x_wconf 88' lang='lat' dir='ltr'><em>beatissime</em></span> <span class='ocrx_word' id='word_1_187' title='bbox 691 3282 814 3345; x_wconf 86' lang='lat' dir='ltr'><em>Poter‘i</em></span> <span class='ocrx_word' id='word_1_188' title='bbox 835 3282 905 3346; x_wconf 78' lang='lat' dir='ltr'><em>dani</em></span> <span class='ocrx_word' id='word_1_189' title='bbox 933 3280 1001 3344; x_wconf 70' lang='lat' dir='ltr'><em>ibide</em></span> <span class='ocrx_word' id='word_1_190' title='bbox 1030 3281 1069 3344; x_wconf 93' lang='lat' dir='ltr'><em>ab</em></span> <span class='ocrx_word' id='word_1_191' title='bbox 1089 3281 1212 3345; x_wconf 80' lang='lat' dir='ltr'><em>eeordio</em></span> <span class='ocrx_word' id='word_1_192' title='bbox 1232 3282 1423 3365; x_wconf 76' lang='lat' dir='ltr'><em>pontificatus</em></span> <span class='ocrx_word' id='word_1_193' title='bbox 1452 3282 1498 3344; x_wconf 89' lang='lat' dir='ltr'><em>tui</em></span> <span class='ocrx_word' id='word_1_194' title='bbox 1515 3286 1587 3365; x_wconf 83' lang='lat' dir='ltr'><em>quot</em></span> <span class='ocrx_word' id='word_1_195' title='bbox 1607 3292 1637 3346; x_wconf 88' lang='lat' dir='ltr'><em>et</em></span> <span class='ocrx_word' id='word_1_196' title='bbox 1656 3304 1746 3368; x_wconf 89' lang='lat' dir='ltr'><em>quani</em></span> <span class='ocrx_word' id='word_1_197' title='bbox 1767 3286 1825 3350; x_wconf 86' lang='lat' dir='ltr'><em>ini-</em></span> 
     </span>
     <span class='ocr_line' id='line_1_23' title="bbox 117 3381 1828 3470; baseline 0.001 -22"><span class='ocrx_word' id='word_1_198' title='bbox 117 3389 218 3470; x_wconf 76' lang='lat' dir='ltr'><em>picoeec</em></span> <span class='ocrx_word' id='word_1_199' title='bbox 239 3403 338 3446; x_wconf 82' lang='lat' dir='ltr'><em>eausae</em></span> <span class='ocrx_word' id='word_1_200' title='bbox 356 3403 413 3465; x_wconf 92' lang='lat' dir='ltr'><em>pro</em></span> <span class='ocrx_word' id='word_1_201' title='bbox 434 3381 599 3443; x_wconf 86' lang='lat' dir='ltr'><em>conditione</em></span> <span class='ocrx_word' id='word_1_202' title='bbox 620 3382 743 3443; x_wconf 86' lang='lat' dir='ltr'><em>istorum</em></span> <span class='ocrx_word' id='word_1_203' title='bbox 765 3391 926 3464; x_wconf 87' lang='lat' dir='ltr'><em>temporum</em></span> <span class='ocrx_word' id='word_1_204' title='bbox 957 3390 1181 3459; x_wconf 84' lang='lat' dir='ltr'><em>concurrerunt,</em></span> <span class='ocrx_word' id='word_1_205' title='bbox 1205 3381 1311 3463; x_wconf 87' lang='lat' dir='ltr'><em>quibus</em></span> <span class='ocrx_word' id='word_1_206' title='bbox 1341 3401 1418 3444; x_wconf 89' lang='lat' dir='ltr'><em>nunc</em></span> <span class='ocrx_word' id='word_1_207' title='bbox 1448 3382 1605 3464; x_wconf 81' lang='lat' dir='ltr'><em>i&#39;nteqri&#39;tos</em></span> <span class='ocrx_word' id='word_1_208' title='bbox 1632 3381 1715 3466; x_wconf 75' lang='lat' dir='ltr'><em>fidei,</em></span> <span class='ocrx_word' id='word_1_209' title='bbox 1747 3406 1828 3449; x_wconf 83' lang='lat' dir='ltr'><em>nnnc</em></span> 
     </span>
     <span class='ocr_line' id='line_1_24' title="bbox 121 3477 1827 3568; baseline 0.001 -23"><span class='ocrx_word' id='word_1_210' title='bbox 121 3481 284 3568; x_wconf 76' lang='lat' dir='ltr'><em>pontificia</em></span> <span class='ocrx_word' id='word_1_211' title='bbox 299 3481 388 3562; x_wconf 84' lang='lat' dir='ltr'><em>juro,</em></span> <span class='ocrx_word' id='word_1_212' title='bbox 412 3496 491 3540; x_wconf 90' lang='lat' dir='ltr'><em>nunc</em></span> <span class='ocrx_word' id='word_1_213' title='bbox 524 3477 684 3559; x_wconf 75' lang='lat' dir='ltr'><em>disciptinu</em></span> <span class='ocrx_word' id='word_1_214' title='bbox 716 3478 912 3540; x_wconf 76' lang='lat' dir='ltr'><em>ecclesiastico</em></span> <span class='ocrx_word' id='word_1_215' title='bbox 940 3496 1072 3559; x_wconf 90' lang='lat' dir='ltr'><em>sanoque</em></span> <span class='ocrx_word' id='word_1_216' title='bbox 1100 3477 1236 3541; x_wconf 88' lang='lat' dir='ltr'><em>doctrino</em></span> <span class='ocrx_word' id='word_1_217' title='bbox 1257 3498 1373 3541; x_wconf 77' lang='lat' dir='ltr'><em>morunt</em></span> <span class='ocrx_word' id='word_1_218' title='bbox 1395 3478 1531 3559; x_wconf 77' lang='lat' dir='ltr'><em>impetitu</em></span> <span class='ocrx_word' id='word_1_219' title='bbox 1550 3480 1660 3559; x_wconf 79' lang='lat' dir='ltr'><em>suere?</em></span> <span class='ocrx_word' id='word_1_220' title='bbox 1683 3481 1729 3544; x_wconf 84' lang='lat' dir='ltr'><em>Tu</em></span> <span class='ocrx_word' id='word_1_221' title='bbox 1758 3502 1827 3547; x_wconf 89' lang='lat' dir='ltr'><em>vero</em></span> 
     </span>
     <span class='ocr_line' id='line_1_25' title="bbox 118 3575 1826 3660; baseline -0.001 -16"><span class='ocrx_word' id='word_1_222' title='bbox 118 3583 199 3644; x_wconf 76' lang='lat' dir='ltr'><em>intes·</em></span> <span class='ocrx_word' id='word_1_223' title='bbox 219 3578 333 3651; x_wconf 73' lang='lat' dir='ltr'><em>toton,</em></span> <span class='ocrx_word' id='word_1_224' title='bbox 356 3576 438 3639; x_wconf 76' lang='lat' dir='ltr'><em>nulii</em></span> <span class='ocrx_word' id='word_1_225' title='bbox 455 3575 643 3640; x_wconf 86' lang='lat' dir='ltr'><em>meditationi</em></span> <span class='ocrx_word' id='word_1_226' title='bbox 658 3594 796 3658; x_wconf 81' lang='lat' dir='ltr'><em>parcens,</em></span> <span class='ocrx_word' id='word_1_227' title='bbox 818 3584 982 3659; x_wconf 81' lang='lat' dir='ltr'><em>opportune</em></span> <span class='ocrx_word' id='word_1_228' title='bbox 1001 3576 1133 3637; x_wconf 85' lang='lat' dir='ltr'><em>omnibus</em></span> <span class='ocrx_word' id='word_1_229' title='bbox 1151 3576 1313 3659; x_wconf 87' lang='lat' dir='ltr'><em>providisti</em></span> <span class='ocrx_word' id='word_1_230' title='bbox 1330 3575 1463 3639; x_wconf 77' lang='lat' dir='ltr'><em>Assiduu</em></span> <span class='ocrx_word' id='word_1_231' title='bbox 1483 3595 1562 3638; x_wconf 79' lang='lat' dir='ltr'><em>curce</em></span> <span class='ocrx_word' id='word_1_232' title='bbox 1584 3586 1613 3639; x_wconf 90' lang='lat' dir='ltr'><em>et</em></span> <span class='ocrx_word' id='word_1_233' title='bbox 1634 3580 1745 3660; x_wconf 81' lang='lat' dir='ltr'><em>viqi‘li&#39;ae</em></span> <span class='ocrx_word' id='word_1_234' title='bbox 1759 3591 1826 3659; x_wconf 74' lang='lat' dir='ltr'><em>tuce,</em></span> 
     </span>
     <span class='ocr_line' id='line_1_26' title="bbox 123 3664 1827 3762; baseline 0.001 -22"><span class='ocrx_word' id='word_1_235' title='bbox 123 3679 228 3762; x_wconf 80' lang='lat' dir='ltr'><em>qsiibus</em></span> <span class='ocrx_word' id='word_1_236' title='bbox 247 3676 426 3758; x_wconf 82' lang='lat' dir='ltr'><em>parcissimo</em></span> <span class='ocrx_word' id='word_1_237' title='bbox 446 3674 507 3737; x_wconf 88' lang='lat' dir='ltr'><em>cibo</em></span> <span class='ocrx_word' id='word_1_238' title='bbox 530 3673 669 3755; x_wconf 88' lang='lat' dir='ltr'><em>brevique</em></span> <span class='ocrx_word' id='word_1_239' title='bbox 688 3693 788 3735; x_wconf 88' lang='lat' dir='ltr'><em>somno</em></span> <span class='ocrx_word' id='word_1_240' title='bbox 809 3682 971 3750; x_wconf 89' lang='lat' dir='ltr'><em>contentus,</em></span> <span class='ocrx_word' id='word_1_241' title='bbox 995 3674 1043 3736; x_wconf 77' lang='lat' dir='ltr'><em>die</em></span> <span class='ocrx_word' id='word_1_242' title='bbox 1064 3685 1206 3757; x_wconf 87' lang='lat' dir='ltr'><em>noctuque</em></span> <span class='ocrx_word' id='word_1_243' title='bbox 1230 3675 1380 3757; x_wconf 84' lang='lat' dir='ltr'><em>postorali</em></span> <span class='ocrx_word' id='word_1_244' title='bbox 1405 3674 1506 3756; x_wconf 78' lang='lat' dir='ltr'><em>officio</em></span> <span class='ocrx_word' id='word_1_245' title='bbox 1527 3684 1556 3737; x_wconf 92' lang='lat' dir='ltr'><em>et</em></span> <span class='ocrx_word' id='word_1_246' title='bbox 1576 3664 1741 3740; x_wconf 81' lang='lat' dir='ltr'><em>actionibus</em></span> <span class='ocrx_word' id='word_1_247' title='bbox 1764 3699 1827 3762; x_wconf 88' lang='lat' dir='ltr'><em>pu·</em></span> 
     </span>
     <span class='ocr_line' id='line_1_27' title="bbox 132 3770 1830 3856; baseline 0.001 -17"><span class='ocrx_word' id='word_1_248' title='bbox 132 3778 204 3839; x_wconf 81' lang='lat' dir='ltr'><em>biici&#39;s</em></span> <span class='ocrx_word' id='word_1_249' title='bbox 227 3774 396 3854; x_wconf 69' lang='lat' dir='ltr'><em>indefessus</em></span> <span class='ocrx_word' id='word_1_250' title='bbox 415 3792 512 3848; x_wconf 88' lang='lat' dir='ltr'><em>vocos,</em></span> <span class='ocrx_word' id='word_1_251' title='bbox 536 3781 565 3833; x_wconf 89' lang='lat' dir='ltr'><em>ct</em></span> <span class='ocrx_word' id='word_1_252' title='bbox 585 3770 666 3854; x_wconf 89' lang='lat' dir='ltr'><em>quod</em></span> <span class='ocrx_word' id='word_1_253' title='bbox 684 3782 816 3855; x_wconf 84' lang='lat' dir='ltr'><em>superest</em></span> <span class='ocrx_word' id='word_1_254' title='bbox 835 3772 977 3834; x_wconf 88' lang='lat' dir='ltr'><em>subcisiri&#39;</em></span> <span class='ocrx_word' id='word_1_255' title='bbox 997 3774 1146 3856; x_wconf 86' lang='lat' dir='ltr'><em>temporis,</em></span> <span class='ocrx_word' id='word_1_256' title='bbox 1169 3775 1200 3835; x_wconf 91' lang='lat' dir='ltr'><em>in</em></span> <span class='ocrx_word' id='word_1_257' title='bbox 1221 3771 1445 3837; x_wconf 84' lang='lat' dir='ltr'><em>conscribendos</em></span> <span class='ocrx_word' id='word_1_258' title='bbox 1462 3794 1519 3855; x_wconf 90' lang='lat' dir='ltr'><em>pro</em></span> <span class='ocrx_word' id='word_1_259' title='bbox 1541 3792 1640 3837; x_wconf 87' lang='lat' dir='ltr'><em>rerum</em></span> <span class='ocrx_word' id='word_1_260' title='bbox 1661 3780 1830 3842; x_wconf 88' lang='lat' dir='ltr'><em>necessitate</em></span> 
     </span>
     <span class='ocr_line' id='line_1_28' title="bbox 125 3869 1828 3954; baseline 0.003 -19"><span class='ocrx_word' id='word_1_261' title='bbox 125 3875 309 3936; x_wconf 58' lang='lat' dir='ltr'><em>maias</em></span> <span class='ocrx_word' id='word_1_262' title='bbox 338 3879 368 3932; x_wconf 89' lang='lat' dir='ltr'><em>et</em></span> <span class='ocrx_word' id='word_1_263' title='bbox 404 3869 619 3932; x_wconf 87' lang='lat' dir='ltr'><em>eruditissimas</em></span> <span class='ocrx_word' id='word_1_264' title='bbox 648 3869 850 3932; x_wconf 80' lang='lat' dir='ltr'><em>institutiones</em></span> <span class='ocrx_word' id='word_1_265' title='bbox 870 3881 960 3953; x_wconf 88' lang='lat' dir='ltr'><em>atque</em></span> <span class='ocrx_word' id='word_1_266' title='bbox 989 3870 1213 3935; x_wconf 85' lang='lat' dir='ltr'><em>Consii‘tutiones</em></span> <span class='ocrx_word' id='word_1_267' title='bbox 1243 3871 1370 3954; x_wconf 68' lang='lat' dir='ltr'><em>confers,</em></span> <span class='ocrx_word' id='word_1_268' title='bbox 1398 3872 1532 3934; x_wconf 88' lang='lat' dir='ltr'><em>omnibus</em></span> <span class='ocrx_word' id='word_1_269' title='bbox 1559 3875 1718 3937; x_wconf 73' lang='lat' dir='ltr'><em>notissimae</em></span> <span class='ocrx_word' id='word_1_270' title='bbox 1746 3886 1828 3940; x_wconf 85' lang='lat' dir='ltr'><em>sunt.</em></span> 
     </span>
     <span class='ocr_line' id='line_1_29' title="bbox 123 3966 1832 4057; baseline 0.002 -23"><span class='ocrx_word' id='word_1_271' title='bbox 123 3972 191 4054; x_wconf 80' lang='lat' dir='ltr'><em>ipsu</em></span> <span class='ocrx_word' id='word_1_272' title='bbox 215 3980 271 4033; x_wconf 83' lang='lat' dir='ltr'><em>tun</em></span> <span class='ocrx_word' id='word_1_273' title='bbox 294 3969 392 4052; x_wconf 81' lang='lat' dir='ltr'><em>Opera</em></span> <span class='ocrx_word' id='word_1_274' title='bbox 412 3986 477 4050; x_wconf 80' lang='lat' dir='ltr'><em>quoe</em></span> <span class='ocrx_word' id='word_1_275' title='bbox 495 3966 636 4050; x_wconf 84' lang='lat' dir='ltr'><em>pluribus</em></span> <span class='ocrx_word' id='word_1_276' title='bbox 656 3967 853 4030; x_wconf 83' lang='lat' dir='ltr'><em>voluminibus</em></span> <span class='ocrx_word' id='word_1_277' title='bbox 874 3967 987 4050; x_wconf 86' lang='lat' dir='ltr'><em>diqesta</em></span> <span class='ocrx_word' id='word_1_278' title='bbox 1017 3969 1157 4032; x_wconf 88' lang='lat' dir='ltr'><em>boetenus</em></span> <span class='ocrx_word' id='word_1_279' title='bbox 1174 3970 1355 4052; x_wconf 80' lang='lat' dir='ltr'><em>prodierunt</em></span> <span class='ocrx_word' id='word_1_280' title='bbox 1385 3971 1415 4030; x_wconf 85' lang='lat' dir='ltr'><em>i‘n</em></span> <span class='ocrx_word' id='word_1_281' title='bbox 1437 3972 1542 4047; x_wconf 85' lang='lat' dir='ltr'><em>lucem,</em></span> <span class='ocrx_word' id='word_1_282' title='bbox 1573 3984 1697 4057; x_wconf 80' lang='lat' dir='ltr'><em>quaque</em></span> <span class='ocrx_word' id='word_1_283' title='bbox 1717 3974 1749 4036; x_wconf 92' lang='lat' dir='ltr'><em>in</em></span> <span class='ocrx_word' id='word_1_284' title='bbox 1769 3974 1832 4037; x_wconf 89' lang='lat' dir='ltr'><em>dies</em></span> 
     </span>
     <span class='ocr_line' id='line_1_30' title="bbox 121 4064 1831 4154; baseline 0.003 -24"><span class='ocrx_word' id='word_1_285' title='bbox 121 4067 288 4132; x_wconf 76' lang='lat' dir='ltr'><em>identidem</em></span> <span class='ocrx_word' id='word_1_286' title='bbox 304 4064 466 4150; x_wconf 91' lang='lat' dir='ltr'><em>prodeunt,</em></span> <span class='ocrx_word' id='word_1_287' title='bbox 488 4084 523 4128; x_wconf 86' lang='lat' dir='ltr'><em>ue</em></span> <span class='ocrx_word' id='word_1_288' title='bbox 543 4066 575 4126; x_wconf 90' lang='lat' dir='ltr'><em>in</em></span> <span class='ocrx_word' id='word_1_289' title='bbox 597 4066 680 4127; x_wconf 89' lang='lat' dir='ltr'><em>omni</em></span> <span class='ocrx_word' id='word_1_290' title='bbox 697 4064 892 4129; x_wconf 83' lang='lat' dir='ltr'><em>ecclesiastiea</em></span> <span class='ocrx_word' id='word_1_291' title='bbox 913 4069 1037 4130; x_wconf 88' lang='lat' dir='ltr'><em>materie</em></span> <span class='ocrx_word' id='word_1_292' title='bbox 1057 4087 1117 4129; x_wconf 91' lang='lat' dir='ltr'><em>aon</em></span> <span class='ocrx_word' id='word_1_293' title='bbox 1140 4077 1201 4130; x_wconf 87' lang='lat' dir='ltr'><em>tarn</em></span> <span class='ocrx_word' id='word_1_294' title='bbox 1218 4066 1425 4151; x_wconf 73' lang='lat' dir='ltr'><em>presentibus,</em></span> <span class='ocrx_word' id='word_1_295' title='bbox 1447 4088 1538 4153; x_wconf 88' lang='lat' dir='ltr'><em>quam</em></span> <span class='ocrx_word' id='word_1_296' title='bbox 1559 4067 1672 4149; x_wconf 72' lang='lat' dir='ltr'><em>suturis</em></span> <span class='ocrx_word' id='word_1_297' title='bbox 1694 4073 1831 4154; x_wconf 85' lang='lat' dir='ltr'><em>tempori·</em></span> 
     </span>
     <span class='ocr_line' id='line_1_31' title="bbox 119 4160 1831 4252; baseline 0.002 -22"><span class='ocrx_word' id='word_1_298' title='bbox 119 4170 168 4230; x_wconf 75' lang='lat' dir='ltr'><em>bui</em></span> <span class='ocrx_word' id='word_1_299' title='bbox 185 4166 392 4251; x_wconf 83' lang='lat' dir='ltr'><em>pruspiciunt,</em></span> <span class='ocrx_word' id='word_1_300' title='bbox 415 4162 486 4225; x_wconf 87' lang='lat' dir='ltr'><em>dum</em></span> <span class='ocrx_word' id='word_1_301' title='bbox 506 4183 604 4225; x_wconf 87' lang='lat' dir='ltr'><em>omnes</em></span> <span class='ocrx_word' id='word_1_302' title='bbox 625 4182 691 4225; x_wconf 86' lang='lat' dir='ltr'><em>euni</em></span> <span class='ocrx_word' id='word_1_303' title='bbox 712 4160 863 4247; x_wconf 88' lang='lat' dir='ltr'><em>voluptate</em></span> <span class='ocrx_word' id='word_1_304' title='bbox 882 4174 911 4226; x_wconf 91' lang='lat' dir='ltr'><em>et</em></span> <span class='ocrx_word' id='word_1_305' title='bbox 930 4165 1060 4228; x_wconf 81' lang='lat' dir='ltr'><em>utilitate</em></span> <span class='ocrx_word' id='word_1_306' title='bbox 1080 4165 1228 4241; x_wconf 81' lang='lat' dir='ltr'><em>evolvunt,</em></span> <span class='ocrx_word' id='word_1_307' title='bbox 1259 4168 1481 4250; x_wconf 73' lang='lat' dir='ltr'><em>maximamque</em></span> <span class='ocrx_word' id='word_1_308' title='bbox 1502 4167 1534 4229; x_wconf 92' lang='lat' dir='ltr'><em>i&#39;n</em></span> <span class='ocrx_word' id='word_1_309' title='bbox 1563 4167 1665 4232; x_wconf 86' lang='lat' dir='ltr'><em>iisdem</em></span> <span class='ocrx_word' id='word_1_310' title='bbox 1685 4189 1745 4233; x_wconf 89' lang='lat' dir='ltr'><em>non</em></span> <span class='ocrx_word' id='word_1_311' title='bbox 1764 4171 1831 4252; x_wconf 79' lang='lat' dir='ltr'><em>jain</em></span> 
     </span>
     <span class='ocr_line' id='line_1_32' title="bbox 121 4261 1829 4348; baseline 0.001 -19"><span class='ocrx_word' id='word_1_312' title='bbox 121 4266 241 4339; x_wconf 71' lang='lat' dir='ltr'><em>mum,</em></span> <span class='ocrx_word' id='word_1_313' title='bbox 262 4262 317 4326; x_wconf 84' lang='lat' dir='ltr'><em>sed</em></span> <span class='ocrx_word' id='word_1_314' title='bbox 335 4262 540 4336; x_wconf 75' lang='lat' dir='ltr'><em>eruditionem,</em></span> <span class='ocrx_word' id='word_1_315' title='bbox 564 4282 665 4324; x_wconf 88' lang='lat' dir='ltr'><em>reriini</em></span> <span class='ocrx_word' id='word_1_316' title='bbox 686 4264 869 4338; x_wconf 83' lang='lat' dir='ltr'><em>varietatem,</em></span> <span class='ocrx_word' id='word_1_317' title='bbox 894 4261 1072 4340; x_wconf 87' lang='lat' dir='ltr'><em>vietbodurn,</em></span> <span class='ocrx_word' id='word_1_318' title='bbox 1100 4265 1343 4348; x_wconf 84' lang='lat' dir='ltr'><em>perspicuitatem</em></span> <span class='ocrx_word' id='word_1_319' title='bbox 1364 4284 1400 4328; x_wconf 87' lang='lat' dir='ltr'><em>ue</em></span> <span class='ocrx_word' id='word_1_320' title='bbox 1430 4263 1597 4329; x_wconf 81' lang='lat' dir='ltr'><em>doctrinam</em></span> <span class='ocrx_word' id='word_1_321' title='bbox 1626 4265 1829 4347; x_wconf 80' lang='lat' dir='ltr'><em>admirantur,</em></span> 
     </span>
     <span class='ocr_line' id='line_1_33' title="bbox 123 4360 1833 4450; baseline 0.002 -23"><span class='ocrx_word' id='word_1_322' title='bbox 123 4376 149 4427; x_wconf 87' lang='lat' dir='ltr'><em>te</em></span> <span class='ocrx_word' id='word_1_323' title='bbox 169 4384 243 4427; x_wconf 86' lang='lat' dir='ltr'><em>cum</em></span> <span class='ocrx_word' id='word_1_324' title='bbox 265 4362 399 4445; x_wconf 84' lang='lat' dir='ltr'><em>antiquis</em></span> <span class='ocrx_word' id='word_1_325' title='bbox 414 4360 662 4445; x_wconf 75' lang='lat' dir='ltr'><em>protensionibus</em></span> <span class='ocrx_word' id='word_1_326' title='bbox 680 4360 875 4443; x_wconf 65' lang='lat' dir='ltr'><em>pontificibus</em></span> <span class='ocrx_word' id='word_1_327' title='bbox 895 4362 1041 4444; x_wconf 79' lang='lat' dir='ltr'><em>conferre,</em></span> <span class='ocrx_word' id='word_1_328' title='bbox 1065 4374 1092 4425; x_wconf 91' lang='lat' dir='ltr'><em>et</em></span> <span class='ocrx_word' id='word_1_329' title='bbox 1113 4365 1247 4427; x_wconf 76' lang='lat' dir='ltr'><em>Musunii</em></span> <span class='ocrx_word' id='word_1_330' title='bbox 1269 4382 1346 4438; x_wconf 89' lang='lat' dir='ltr'><em>vere,</em></span> <span class='ocrx_word' id='word_1_331' title='bbox 1368 4383 1419 4426; x_wconf 89' lang='lat' dir='ltr'><em>scu</em></span> <span class='ocrx_word' id='word_1_332' title='bbox 1436 4364 1536 4447; x_wconf 85' lang='lat' dir='ltr'><em>potius</em></span> <span class='ocrx_word' id='word_1_333' title='bbox 1557 4365 1708 4430; x_wconf 76' lang='lat' dir='ltr'><em>Msxiumi</em></span> <span class='ocrx_word' id='word_1_334' title='bbox 1738 4367 1833 4450; x_wconf 74' lang='lat' dir='ltr'><em>confi·</em></span> 
     </span>
     <span class='ocr_line' id='line_1_34' title="bbox 123 4459 1833 4546; baseline 0.004 -22"><span class='ocrx_word' id='word_1_335' title='bbox 123 4474 175 4524; x_wconf 83' lang='lat' dir='ltr'><em>teri</em></span> <span class='ocrx_word' id='word_1_336' title='bbox 208 4459 694 4541; x_wconf 74' lang='lat' dir='ltr'><em>nondubitont.idaeii1iqi‘tur</em></span> <span class='ocrx_word' id='word_1_337' title='bbox 723 4461 842 4543; x_wconf 86' lang='lat' dir='ltr'><em>antiqui</em></span> <span class='ocrx_word' id='word_1_338' title='bbox 870 4461 1003 4524; x_wconf 80' lang='lat' dir='ltr'><em>Romani</em></span> <span class='ocrx_word' id='word_1_339' title='bbox 1021 4462 1161 4525; x_wconf 79' lang='lat' dir='ltr'><em>antistitis</em></span> <span class='ocrx_word' id='word_1_340' title='bbox 1192 4461 1290 4544; x_wconf 86' lang='lat' dir='ltr'><em>Opera</em></span> <span class='ocrx_word' id='word_1_341' title='bbox 1324 4462 1383 4525; x_wconf 90' lang='lat' dir='ltr'><em>tibi</em></span> <span class='ocrx_word' id='word_1_342' title='bbox 1394 4483 1461 4546; x_wconf 82' lang='lat' dir='ltr'><em>pros</em></span> <span class='ocrx_word' id='word_1_343' title='bbox 1488 4464 1601 4526; x_wconf 83' lang='lat' dir='ltr'><em>cateris</em></span> <span class='ocrx_word' id='word_1_344' title='bbox 1620 4467 1779 4529; x_wconf 83' lang='lat' dir='ltr'><em>successori</em></span> <span class='ocrx_word' id='word_1_345' title='bbox 1796 4484 1833 4531; x_wconf 88' lang='lat' dir='ltr'><em>oc</em></span> 
     </span>
     <span class='ocr_line' id='line_1_35' title="bbox 122 4556 972 4641; baseline -0.002 -18"><span class='ocrx_word' id='word_1_346' title='bbox 122 4560 306 4623; x_wconf 70' lang='lat' dir='ltr'><em>mutator-i</em></span> <span class='ocrx_word' id='word_1_347' title='bbox 322 4559 389 4640; x_wconf 87' lang='lat' dir='ltr'><em>ejus</em></span> <span class='ocrx_word' id='word_1_348' title='bbox 410 4556 523 4622; x_wconf 71' lang='lat' dir='ltr'><em>Muttito</em></span> <span class='ocrx_word' id='word_1_349' title='bbox 543 4557 707 4640; x_wconf 84' lang='lat' dir='ltr'><em>icquissirne</em></span> <span class='ocrx_word' id='word_1_350' title='bbox 727 4557 856 4620; x_wconf 88' lang='lat' dir='ltr'><em>di’eando</em></span> <span class='ocrx_word' id='word_1_351' title='bbox 875 4559 972 4641; x_wconf 73' lang='lat' dir='ltr'><em>suere.</em></span> 
     </span>
    </p>

    <p class='ocr_par' dir='ltr' id='par_1_10' title="bbox 119 4656 1892 5731">
     <span class='ocr_line' id='line_1_36' title="bbox 158 4656 1836 4747; baseline 0.004 -25"><span class='ocrx_word' id='word_1_352' title='bbox 158 4659 249 4722; x_wconf 84' lang='lat' dir='ltr'><em>Huic</em></span> <span class='ocrx_word' id='word_1_353' title='bbox 270 4668 370 4720; x_wconf 89' lang='lat' dir='ltr'><em>autem</em></span> <span class='ocrx_word' id='word_1_354' title='bbox 392 4657 663 4737; x_wconf 78' lang='lat' dir='ltr'><em>eonqruentissimae</em></span> <span class='ocrx_word' id='word_1_355' title='bbox 688 4657 804 4719; x_wconf 88' lang='lat' dir='ltr'><em>rationi</em></span> <span class='ocrx_word' id='word_1_356' title='bbox 824 4657 885 4721; x_wconf 87' lang='lat' dir='ltr'><em>alia</em></span> <span class='ocrx_word' id='word_1_357' title='bbox 913 4659 1040 4740; x_wconf 87' lang='lat' dir='ltr'><em>qruvior</em></span> <span class='ocrx_word' id='word_1_358' title='bbox 1069 4666 1096 4720; x_wconf 88' lang='lat' dir='ltr'><em>et</em></span> <span class='ocrx_word' id='word_1_359' title='bbox 1126 4659 1237 4740; x_wconf 72' lang='lat' dir='ltr'><em>sortior</em></span> <span class='ocrx_word' id='word_1_360' title='bbox 1266 4658 1389 4721; x_wconf 83' lang='lat' dir='ltr'><em>accedit.</em></span> <span class='ocrx_word' id='word_1_361' title='bbox 1422 4659 1502 4722; x_wconf 83' lang='lat' dir='ltr'><em>Burri</em></span> <span class='ocrx_word' id='word_1_362' title='bbox 1532 4661 1608 4723; x_wconf 78' lang='lat' dir='ltr'><em>enini</em></span> <span class='ocrx_word' id='word_1_363' title='bbox 1637 4656 1706 4725; x_wconf 85' lang='lat' dir='ltr'><em>onte</em></span> <span class='ocrx_word' id='word_1_364' title='bbox 1722 4683 1836 4747; x_wconf 86' lang='lat' dir='ltr'><em>paucos</em></span> 
     </span>
     <span class='ocr_line' id='line_1_37' title="bbox 121 4753 1834 4842; baseline 0.004 -21"><span class='ocrx_word' id='word_1_365' title='bbox 121 4778 215 4821; x_wconf 78' lang='lat' dir='ltr'><em>curios</em></span> <span class='ocrx_word' id='word_1_366' title='bbox 237 4757 320 4819; x_wconf 81' lang='lat' dir='ltr'><em>aiter</em></span> <span class='ocrx_word' id='word_1_367' title='bbox 339 4754 458 4817; x_wconf 85' lang='lat' dir='ltr'><em>euobis</em></span> <span class='ocrx_word' id='word_1_368' title='bbox 482 4755 580 4817; x_wconf 78' lang='lat' dir='ltr'><em>Itonos</em></span> <span class='ocrx_word' id='word_1_369' title='bbox 601 4753 728 4836; x_wconf 85' lang='lat' dir='ltr'><em>deqeret,</em></span> <span class='ocrx_word' id='word_1_370' title='bbox 751 4774 837 4837; x_wconf 91' lang='lat' dir='ltr'><em>seque</em></span> <span class='ocrx_word' id='word_1_371' title='bbox 857 4757 1029 4839; x_wconf 83' lang='lat' dir='ltr'><em>antepedes</em></span> <span class='ocrx_word' id='word_1_372' title='bbox 1061 4764 1124 4818; x_wconf 92' lang='lat' dir='ltr'><em>tuos</em></span> <span class='ocrx_word' id='word_1_373' title='bbox 1157 4754 1315 4817; x_wconf 75' lang='lat' dir='ltr'><em>identidem</em></span> <span class='ocrx_word' id='word_1_374' title='bbox 1344 4765 1480 4836; x_wconf 86' lang='lat' dir='ltr'><em>sisteret;</em></span> <span class='ocrx_word' id='word_1_375' title='bbox 1501 4758 1579 4821; x_wconf 91' lang='lat' dir='ltr'><em>inter</em></span> <span class='ocrx_word' id='word_1_376' title='bbox 1606 4779 1653 4823; x_wconf 88' lang='lat' dir='ltr'><em>eos</em></span> <span class='ocrx_word' id='word_1_377' title='bbox 1679 4781 1834 4842; x_wconf 76' lang='lat' dir='ltr'><em>sennoncs,</em></span> 
     </span>
     <span class='ocr_line' id='line_1_38' title="bbox 119 4851 1835 4939; baseline 0.006 -25"><span class='ocrx_word' id='word_1_378' title='bbox 119 4877 190 4938; x_wconf 72' lang='lat' dir='ltr'><em>quos</em></span> <span class='ocrx_word' id='word_1_379' title='bbox 209 4874 275 4939; x_wconf 85' lang='lat' dir='ltr'><em>pro</em></span> <span class='ocrx_word' id='word_1_380' title='bbox 298 4873 411 4914; x_wconf 86' lang='lat' dir='ltr'><em>sumnia</em></span> <span class='ocrx_word' id='word_1_381' title='bbox 433 4852 618 4934; x_wconf 81' lang='lat' dir='ltr'><em>beniqnitate</em></span> <span class='ocrx_word' id='word_1_382' title='bbox 639 4862 691 4915; x_wconf 88' lang='lat' dir='ltr'><em>tua</em></span> <span class='ocrx_word' id='word_1_383' title='bbox 713 4870 778 4914; x_wconf 87' lang='lat' dir='ltr'><em>curn</em></span> <span class='ocrx_word' id='word_1_384' title='bbox 800 4853 898 4916; x_wconf 89' lang='lat' dir='ltr'><em>eodem</em></span> <span class='ocrx_word' id='word_1_385' title='bbox 919 4851 1037 4929; x_wconf 82' lang='lat' dir='ltr'><em>babere,</em></span> <span class='ocrx_word' id='word_1_386' title='bbox 1060 4852 1224 4936; x_wconf 80' lang='lat' dir='ltr'><em>quibusque</em></span> <span class='ocrx_word' id='word_1_387' title='bbox 1257 4854 1323 4933; x_wconf 78' lang='lat' dir='ltr'><em>sere</em></span> <span class='ocrx_word' id='word_1_388' title='bbox 1358 4854 1392 4916; x_wconf 86' lang='lat' dir='ltr'><em>di</em></span> <span class='ocrx_word' id='word_1_389' title='bbox 1419 4855 1538 4938; x_wconf 87' lang='lat' dir='ltr'><em>optimis</em></span> <span class='ocrx_word' id='word_1_390' title='bbox 1565 4857 1670 4920; x_wconf 80' lang='lat' dir='ltr'><em>studiis</em></span> <span class='ocrx_word' id='word_1_391' title='bbox 1695 4869 1723 4922; x_wconf 90' lang='lat' dir='ltr'><em>et</em></span> <span class='ocrx_word' id='word_1_392' title='bbox 1744 4861 1835 4925; x_wconf 85' lang='lat' dir='ltr'><em>eccle·</em></span> 
     </span>
     <span class='ocr_line' id='line_1_39' title="bbox 122 4950 1836 5042; baseline 0.002 -23"><span class='ocrx_word' id='word_1_393' title='bbox 122 4955 258 5018; x_wconf 79' lang='lat' dir='ltr'><em>si&#39;usticis</em></span> <span class='ocrx_word' id='word_1_394' title='bbox 279 4951 444 5033; x_wconf 75' lang='lat' dir='ltr'><em>disciplinis</em></span> <span class='ocrx_word' id='word_1_395' title='bbox 464 4971 524 5013; x_wconf 89' lang='lat' dir='ltr'><em>non</em></span> <span class='ocrx_word' id='word_1_396' title='bbox 541 4969 641 5033; x_wconf 88' lang='lat' dir='ltr'><em>pauca</em></span> <span class='ocrx_word' id='word_1_397' title='bbox 661 4951 772 5013; x_wconf 76' lang='lat' dir='ltr'><em>solebas</em></span> <span class='ocrx_word' id='word_1_398' title='bbox 793 4950 944 5025; x_wconf 77' lang='lat' dir='ltr'><em>disserere,</em></span> <span class='ocrx_word' id='word_1_399' title='bbox 967 4951 1003 5013; x_wconf 90' lang='lat' dir='ltr'><em>de</em></span> <span class='ocrx_word' id='word_1_400' title='bbox 1022 4971 1058 5014; x_wconf 87' lang='lat' dir='ltr'><em>ea</em></span> <span class='ocrx_word' id='word_1_401' title='bbox 1080 4952 1116 5014; x_wconf 88' lang='lat' dir='ltr'><em>S.</em></span> <span class='ocrx_word' id='word_1_402' title='bbox 1140 4953 1246 5014; x_wconf 89' lang='lat' dir='ltr'><em>Leonis</em></span> <span class='ocrx_word' id='word_1_403' title='bbox 1266 4952 1394 5015; x_wconf 87' lang='lat' dir='ltr'><em>editione</em></span> <span class='ocrx_word' id='word_1_404' title='bbox 1415 4952 1519 5016; x_wconf 88' lang='lat' dir='ltr'><em>incidit</em></span> <span class='ocrx_word' id='word_1_405' title='bbox 1539 4957 1659 5033; x_wconf 78' lang='lat' dir='ltr'><em>mentio,</em></span> <span class='ocrx_word' id='word_1_406' title='bbox 1681 4978 1742 5042; x_wconf 88' lang='lat' dir='ltr'><em>quo</em></span> <span class='ocrx_word' id='word_1_407' title='bbox 1761 4960 1836 5037; x_wconf 83' lang='lat' dir='ltr'><em>Pus·</em></span> 
     </span>
     <span class='ocr_line' id='line_1_40' title="bbox 126 5047 1892 5141; baseline 0.001 -25"><span class='ocrx_word' id='word_1_408' title='bbox 126 5054 247 5116; x_wconf 77' lang='lat' dir='ltr'><em>nasius</em></span> <span class='ocrx_word' id='word_1_409' title='bbox 270 5049 441 5127; x_wconf 78' lang='lat' dir='ltr'><em>(inciuilius</em></span> <span class='ocrx_word' id='word_1_410' title='bbox 461 5050 561 5112; x_wconf 85' lang='lat' dir='ltr'><em>sancti</em></span> <span class='ocrx_word' id='word_1_411' title='bbox 573 5047 726 5132; x_wconf 69' lang='lat' dir='ltr'><em>pontificis</em></span> <span class='ocrx_word' id='word_1_412' title='bbox 749 5048 846 5131; x_wconf 86' lang='lat' dir='ltr'><em>Opera</em></span> <span class='ocrx_word' id='word_1_413' title='bbox 866 5068 926 5111; x_wconf 90' lang='lat' dir='ltr'><em>non</em></span> <span class='ocrx_word' id='word_1_414' title='bbox 947 5059 1006 5112; x_wconf 91' lang='lat' dir='ltr'><em>tom</em></span> <span class='ocrx_word' id='word_1_415' title='bbox 1027 5049 1181 5113; x_wconf 84' lang='lat' dir='ltr'><em>emendare</em></span> <span class='ocrx_word' id='word_1_416' title='bbox 1211 5069 1246 5113; x_wconf 91' lang='lat' dir='ltr'><em>oc</em></span> <span class='ocrx_word' id='word_1_417' title='bbox 1277 5051 1439 5129; x_wconf 86' lang='lat' dir='ltr'><em>illustrare,</em></span> <span class='ocrx_word' id='word_1_418' title='bbox 1471 5072 1562 5136; x_wconf 86' lang='lat' dir='ltr'><em>quoni</em></span> <span class='ocrx_word' id='word_1_419' title='bbox 1591 5056 1708 5141; x_wconf 86' lang='lat' dir='ltr'><em>aliquot</em></span> <span class='ocrx_word' id='word_1_420' title='bbox 1730 5056 1836 5139; x_wconf 79' lang='lat' dir='ltr'><em>pincis</em></span> <span class='ocrx_word' id='word_1_421' title='bbox 1888 5077 1892 5087; x_wconf 67' lang='grc'><em>’</em></span> 
     </span>
     <span class='ocr_line' id='line_1_41' title="bbox 123 5146 1837 5236; baseline 0.002 -25"><span class='ocrx_word' id='word_1_422' title='bbox 123 5146 360 5223; x_wconf 73' lang='lat' dir='ltr'><em>notau&#39;iineuiis,</em></span> <span class='ocrx_word' id='word_1_423' title='bbox 384 5147 632 5210; x_wconf 80' lang='lat' dir='ltr'><em>observationibus</em></span> <span class='ocrx_word' id='word_1_424' title='bbox 653 5158 680 5210; x_wconf 89' lang='lat' dir='ltr'><em>et</em></span> <span class='ocrx_word' id='word_1_425' title='bbox 710 5147 964 5210; x_wconf 77' lang='lat' dir='ltr'><em>dissertationibus</em></span> <span class='ocrx_word' id='word_1_426' title='bbox 984 5167 1042 5209; x_wconf 90' lang='lat' dir='ltr'><em>noa</em></span> <span class='ocrx_word' id='word_1_427' title='bbox 1061 5149 1166 5230; x_wconf 86' lang='lat' dir='ltr'><em>paucis</em></span> <span class='ocrx_word' id='word_1_428' title='bbox 1187 5149 1218 5209; x_wconf 90' lang='lat' dir='ltr'><em>in</em></span> <span class='ocrx_word' id='word_1_429' title='bbox 1239 5149 1310 5211; x_wconf 85' lang='lat' dir='ltr'><em>iocis</em></span> <span class='ocrx_word' id='word_1_430' title='bbox 1330 5149 1522 5233; x_wconf 77' lang='lat' dir='ltr'><em>sudorquere,</em></span> <span class='ocrx_word' id='word_1_431' title='bbox 1542 5162 1710 5236; x_wconf 84' lang='lat' dir='ltr'><em>pervertere</em></span> <span class='ocrx_word' id='word_1_432' title='bbox 1729 5162 1757 5214; x_wconf 88' lang='lat' dir='ltr'><em>et</em></span> <span class='ocrx_word' id='word_1_433' title='bbox 1784 5150 1837 5215; x_wconf 88' lang='lat' dir='ltr'><em>de·</em></span> 
     </span>
     <span class='ocr_line' id='line_1_42' title="bbox 123 5242 1837 5334; baseline 0.005 -27"><span class='ocrx_word' id='word_1_434' title='bbox 123 5262 256 5334; x_wconf 71' lang='lat' dir='ltr'><em>turpare</em></span> <span class='ocrx_word' id='word_1_435' title='bbox 277 5245 406 5308; x_wconf 87' lang='lat' dir='ltr'><em>studuit.</em></span> <span class='ocrx_word' id='word_1_436' title='bbox 429 5242 509 5309; x_wconf 85' lang='lat' dir='ltr'><em>Hinc</em></span> <span class='ocrx_word' id='word_1_437' title='bbox 536 5265 627 5329; x_wconf 89' lang='lat' dir='ltr'><em>porro</em></span> <span class='ocrx_word' id='word_1_438' title='bbox 648 5266 731 5308; x_wconf 81' lang='lat' dir='ltr'><em>novoe</em></span> <span class='ocrx_word' id='word_1_439' title='bbox 752 5244 898 5321; x_wconf 86' lang='lat' dir='ltr'><em>editionis,</em></span> <span class='ocrx_word' id='word_1_440' title='bbox 922 5266 987 5329; x_wconf 74' lang='lat' dir='ltr'><em>quse</em></span> <span class='ocrx_word' id='word_1_441' title='bbox 1007 5245 1048 5310; x_wconf 90' lang='lat' dir='ltr'><em>vd</em></span> <span class='ocrx_word' id='word_1_442' title='bbox 1080 5246 1237 5311; x_wconf 82' lang='lat' dir='ltr'><em>Vaticanus</em></span> <span class='ocrx_word' id='word_1_443' title='bbox 1264 5251 1428 5331; x_wconf 79' lang='lat' dir='ltr'><em>praesertim</em></span> <span class='ocrx_word' id='word_1_444' title='bbox 1449 5271 1517 5313; x_wconf 88' lang='lat' dir='ltr'><em>mss.</em></span> <span class='ocrx_word' id='word_1_445' title='bbox 1546 5252 1657 5314; x_wconf 85' lang='lat' dir='ltr'><em>codi‘ces</em></span> <span class='ocrx_word' id='word_1_446' title='bbox 1676 5249 1714 5312; x_wconf 90' lang='lat' dir='ltr'><em>ob</em></span> <span class='ocrx_word' id='word_1_447' title='bbox 1735 5270 1767 5313; x_wconf 93' lang='lat' dir='ltr'><em>eo</em></span> <span class='ocrx_word' id='word_1_448' title='bbox 1789 5254 1837 5315; x_wconf 87' lang='lat' dir='ltr'><em>i&#39;n-</em></span> 
     </span>
     <span class='ocr_line' id='line_1_43' title="bbox 125 5343 1836 5429; baseline 0.003 -20"><span class='ocrx_word' id='word_1_449' title='bbox 125 5348 281 5413; x_wconf 82' lang='lat' dir='ltr'><em>eonsultos</em></span> <span class='ocrx_word' id='word_1_450' title='bbox 304 5346 487 5426; x_wconf 75' lang='lat' dir='ltr'><em>exiperetur,</em></span> <span class='ocrx_word' id='word_1_451' title='bbox 509 5343 698 5428; x_wconf 84' lang='lat' dir='ltr'><em>ejusdemque</em></span> <span class='ocrx_word' id='word_1_452' title='bbox 719 5344 845 5407; x_wconf 86' lang='lat' dir='ltr'><em>audaces</em></span> <span class='ocrx_word' id='word_1_453' title='bbox 866 5357 987 5408; x_wconf 87' lang='lat' dir='ltr'><em>conotus</em></span> <span class='ocrx_word' id='word_1_454' title='bbox 1008 5346 1177 5408; x_wconf 86' lang='lat' dir='ltr'><em>retunderet</em></span> <span class='ocrx_word' id='word_1_455' title='bbox 1196 5355 1225 5408; x_wconf 91' lang='lat' dir='ltr'><em>et</em></span> <span class='ocrx_word' id='word_1_456' title='bbox 1237 5345 1425 5429; x_wconf 69' lang='lat' dir='ltr'><em>intrinqeret,</em></span> <span class='ocrx_word' id='word_1_457' title='bbox 1447 5352 1641 5411; x_wconf 87' lang='lat' dir='ltr'><em>necessitatem</em></span> <span class='ocrx_word' id='word_1_458' title='bbox 1656 5353 1836 5416; x_wconf 86' lang='lat' dir='ltr'><em>memorasti</em></span> 
     </span>
     <span class='ocr_line' id='line_1_44' title="bbox 125 5441 1839 5537; baseline 0.002 -26"><span class='ocrx_word' id='word_1_459' title='bbox 125 5449 197 5511; x_wconf 75' lang='lat' dir='ltr'><em>ium</em></span> <span class='ocrx_word' id='word_1_460' title='bbox 224 5464 304 5509; x_wconf 89' lang='lat' dir='ltr'><em>vero</em></span> <span class='ocrx_word' id='word_1_461' title='bbox 326 5443 381 5506; x_wconf 87' lang='lat' dir='ltr'><em>boc</em></span> <span class='ocrx_word' id='word_1_462' title='bbox 402 5441 477 5504; x_wconf 66' lang='lat' dir='ltr'><em>Meni</em></span> <span class='ocrx_word' id='word_1_463' title='bbox 498 5441 653 5505; x_wconf 86' lang='lat' dir='ltr'><em>consilium</em></span> <span class='ocrx_word' id='word_1_464' title='bbox 675 5443 851 5526; x_wconf 86' lang='lat' dir='ltr'><em>quibusdum</em></span> <span class='ocrx_word' id='word_1_465' title='bbox 868 5442 1136 5537; x_wconf 73' lang='lat' dir='ltr'><em>predecessoribus</em></span> <span class='ocrx_word' id='word_1_466' title='bbox 1158 5446 1215 5506; x_wconf 89' lang='lat' dir='ltr'><em>tuis</em></span> <span class='ocrx_word' id='word_1_467' title='bbox 1237 5444 1268 5505; x_wconf 89' lang='lat' dir='ltr'><em>in</em></span> <span class='ocrx_word' id='word_1_468' title='bbox 1288 5454 1410 5509; x_wconf 87' lang='lat' dir='ltr'><em>mentem</em></span> <span class='ocrx_word' id='word_1_469' title='bbox 1430 5445 1549 5528; x_wconf 90' lang='lat' dir='ltr'><em>quidem</em></span> <span class='ocrx_word' id='word_1_470' title='bbox 1571 5445 1722 5519; x_wconf 73' lang='lat' dir='ltr'><em>rennues:</em></span> <span class='ocrx_word' id='word_1_471' title='bbox 1742 5458 1839 5533; x_wconf 87' lang='lat' dir='ltr'><em>utper</em></span> 
     </span>
     <span class='ocr_line' id='line_1_45' title="bbox 123 5539 1840 5632; baseline 0 -23"><span class='ocrx_word' id='word_1_472' title='bbox 123 5563 162 5609; x_wconf 78' lang='lat' dir='ltr'><em>iic</em></span> <span class='ocrx_word' id='word_1_473' title='bbox 184 5543 310 5632; x_wconf 85' lang='lat' dir='ltr'><em>quibus</em></span> <span class='ocrx_word' id='word_1_474' title='bbox 331 5541 366 5604; x_wconf 93' lang='lat' dir='ltr'><em>id</em></span> <span class='ocrx_word' id='word_1_475' title='bbox 383 5542 498 5624; x_wconf 89' lang='lat' dir='ltr'><em>aeqotii</em></span> <span class='ocrx_word' id='word_1_476' title='bbox 516 5539 728 5604; x_wconf 86' lang='lat' dir='ltr'><em>demandatum</em></span> <span class='ocrx_word' id='word_1_477' title='bbox 750 5542 823 5622; x_wconf 72' lang='lat' dir='ltr'><em>suit,</em></span> <span class='ocrx_word' id='word_1_478' title='bbox 846 5562 1000 5626; x_wconf 86' lang='lat' dir='ltr'><em>nunquam</em></span> <span class='ocrx_word' id='word_1_479' title='bbox 1012 5542 1192 5627; x_wconf 70' lang='lat' dir='ltr'><em>perfeetum,</em></span> <span class='ocrx_word' id='word_1_480' title='bbox 1214 5560 1266 5607; x_wconf 89' lang='lat' dir='ltr'><em>nec</em></span> <span class='ocrx_word' id='word_1_481' title='bbox 1283 5543 1497 5628; x_wconf 67' lang='lat' dir='ltr'><em>perficiendum</em></span> <span class='ocrx_word' id='word_1_482' title='bbox 1517 5542 1709 5625; x_wconf 86' lang='lat' dir='ltr'><em>crederetur,</em></span> <span class='ocrx_word' id='word_1_483' title='bbox 1728 5557 1761 5611; x_wconf 89' lang='lat' dir='ltr'><em>tu</em></span> <span class='ocrx_word' id='word_1_484' title='bbox 1781 5547 1840 5610; x_wconf 89' lang='lat' dir='ltr'><em>mi·</em></span> 
     </span>
     <span class='ocr_line' id='line_1_46' title="bbox 125 5638 1819 5731; baseline 0.001 -22"><span class='ocrx_word' id='word_1_485' title='bbox 125 5647 197 5711; x_wconf 80' lang='lat' dir='ltr'><em>iiiiu</em></span> <span class='ocrx_word' id='word_1_486' title='bbox 218 5643 332 5731; x_wconf 79' lang='lat' dir='ltr'><em>sercin</em></span> <span class='ocrx_word' id='word_1_487' title='bbox 353 5638 510 5703; x_wconf 85' lang='lat' dir='ltr'><em>editionem</em></span> <span class='ocrx_word' id='word_1_488' title='bbox 533 5648 594 5705; x_wconf 89' lang='lat' dir='ltr'><em>tom</em></span> <span class='ocrx_word' id='word_1_489' title='bbox 616 5641 812 5707; x_wconf 85' lang='lat' dir='ltr'><em>necessariam</em></span> <span class='ocrx_word' id='word_1_490' title='bbox 834 5641 946 5709; x_wconf 87' lang='lat' dir='ltr'><em>diuti&#39;iii</em></span> <span class='ocrx_word' id='word_1_491' title='bbox 963 5640 1141 5731; x_wconf 85' lang='lat' dir='ltr'><em>prorvqori,</em></span> <span class='ocrx_word' id='word_1_492' title='bbox 1165 5640 1243 5706; x_wconf 87' lang='lat' dir='ltr'><em>banc</em></span> <span class='ocrx_word' id='word_1_493' title='bbox 1263 5639 1348 5705; x_wconf 90' lang='lat' dir='ltr'><em>nobis</em></span> <span class='ocrx_word' id='word_1_494' title='bbox 1373 5638 1578 5726; x_wconf 76' lang='lat' dir='ltr'><em>imponendam</em></span> <span class='ocrx_word' id='word_1_495' title='bbox 1605 5645 1751 5711; x_wconf 79' lang='lat' dir='ltr'><em>cononis·</em></span> <span class='ocrx_word' id='word_1_496' title='bbox 1773 5643 1819 5711; x_wconf 75' lang='lat' dir='ltr'><em>lt’r</em></span> 
     </span>
    </p>
   </div>
   <div class='ocr_carea' id='block_1_8' title="bbox 293 5775 1683 5848">
    <p class='ocr_par' dir='ltr' id='par_1_11' title="bbox 293 5775 1683 5848">
     <span class='ocr_line' id='line_1_47' title="bbox 293 5775 1683 5848; baseline -0.013 -3"><span class='ocrx_word' id='word_1_497' title='bbox 293 5781 428 5848; x_wconf 76' lang='lat' dir='ltr'><em>Persou.</em></span> <span class='ocrx_word' id='word_1_498' title='bbox 450 5775 526 5847; x_wconf 79' lang='lat' dir='ltr'><em>Ltv.</em></span> <span class='ocrx_word' id='word_1_499' title='bbox 1666 5778 1683 5843; x_wconf 69' lang='lat' dir='ltr'><em>q</em></span> 
     </span>
    </p>
   </div>
   <div class='ocr_carea' id='block_1_9' title="bbox 119 5862 196 6001">
    <p class='ocr_par' dir='ltr' id='par_1_12' title="bbox 119 5862 196 6001">
     <span class='ocr_line' id='line_1_48' title="bbox 119 5862 196 6001; baseline -0.013 -63"><span class='ocrx_word' id='word_1_500' title='bbox 119 5862 196 6001; x_wconf 66' lang='lat' dir='ltr'><em>qi)</em></span> 
     </span>
    </p>
   </div>
   <div class='ocr_carea' id='block_1_10' title="bbox 0 0 2042 6164">
    <p class='ocr_par' dir='ltr' id='par_1_13' title="bbox 0 0 2042 6164">
     <span class='ocr_line' id='line_1_49' title="bbox 0 0 2042 6164; baseline 0 0"><span class='ocrx_word' id='word_1_501' title='bbox 0 0 2042 6164; x_wconf 95' lang='lat' dir='ltr'><em> </em></span> 
     </span>
    </p>
   </div>
  </div>
 </body>
</html>
