4050 6175
75 312 165 381 tibt-

692 332 695 341 ’
769 332 962 398 briscona
982 336 1095 400 CLXV.
1151 356 1152 359 ’

1705 350 1784 421 libb
1809 366 1816 389 '

72 451 229 524 equalem,
245 455 274 509 et
289 454 352 510 sine
366 457 486 514 veritate
504 459 601 515 carnis
623 477 681 517 non
702 464 778 521 idem
793 466 902 526 diceret
916 471 944 538 Α
979 487 1022 538 ,ηας
1042 489 1091 541 ,πρ
1108 482 1278 553 ,πρώτως
1295 492 1452 561 gamm
1471 494 1527 563 ςςχα
1546 495 1573 546 ες
1593 495 1638 558 ,ἧς
1661 492 1777 559 besem·

71 540 191 597 Patrem
207 558 239 598 se
249 559 314 599 esse
329 544 470 616 majorem
484 549 573 615 (loon.
586 550 714 623 r1v‚28):
730 570 795 610 cum
807 558 904 615 catho-

67 628 125 685 liea
134 631 379 705 [idesutrumque
394 635 546 707 suscipiat,
566 641 724 712 utrumque
754 644 901 718 desendet,

67 734 132 789 quae
147 721 314 776 meandum
329 723 546 779 contessionem
558 726 634 781 beati
659 730 784 800 apostoli
812 734 901 803 Petri,

67 824 164 864 unum
180 808 331 866 Christum
347 811 397 867 Dei
412 811 469 867 vivi
483 812 587 869 Filium
599 817 702 884 (νλίαεεό.
718 836 775 886 aar,
791 823 843 895 16),
873 830 902 881 et

68 895 223 953 bominem
234 896 337 967 eredit,
353 902 382 955 et
391 900 530 957 Verbum.
540 902 677 965 Quamvis
693 907 791 980 itaque
802 911 838 966 ab
850 912 899 969 illo

66 984 165 1053 initio,
195 1002 253 1058 quo
282 986 313 1042 in
330 990 412 1043 utero
426 986 556 1063 Virginis
574 994 689 1049 Verbum
715 1013 778 1054 coro
800 1001 898 1060 ¹809

63 1075 171 1144 {actam
186 1078 226 1129 est
238 1075 327 1145 (leae.
344 1093 365 1141 1,
379 1076 437 1148 ld),
454 1078 526 1134 nihil
544 1097 686 1154 umquam
702 1083 897 1145 interutram-

63 1178 121 1234 que
136 1161 264 1218 formem
280 1164 433 1222 divisionis
448 1168 603 1238 exstiterit,
628 1175 657 1226 ct
673 1189 725 1245 per
739 1176 838 1233 omnia
852 1177 895 1234 in-

979 577 1022 636 τῆς
1034 580 1136 645 σαρκός,
1154 577 1212 631 οὔτε
1234 585 1312 651 τρορὴ
1333 585 1368 650 τῷ
1387 585 1540 647 νηστεύοντι,
1561 586 1620 638 ούττ
1634 587 1682 653 μὴν
1696 585 1771 646 ιἰπνος

978 665 1110 731 ἀναγκαῖος
1135 672 1243 739 ὑπῆρχεν
1269 674 1305 739 τῷ
1335 674 1488 726 κοπιάσαντε.
1512 676 1560 726 Καὶ
1584 676 1614 727 τό
1640 676 1668 737 δὴ
1693 678 1770 743 πέρας

977 753 1032 820 δίχα
1045 760 1089 821 μὲν
1103 762 1147 820 τῆς
1160 760 1204 811 τοῦ
1219 762 1294 827 λόγου
1314 764 1451 829 δυνάμεως,
1466 765 1513 816 edu
1532 762 1561 819 ἂν
1581 765 1668 817 ίαυτδν
1685 768 1700 816 ό
1716 766 1771 817 lte·

975 857 1028 906 ριος
1045 837 1100 897 locu
1119 849 1154 914 τῷ
1175 852 1249 917 πατρί
1271 852 1425 919 τυγχάνοντα
1451 852 1580 919 ὡμολόγει,
1602 853 1658 919 δίχα
1679 850 1707 901 dl
1727 850 1771 911 τῆς

974 930 1087 992 ἀληθείας
1104 942 1149 987 τοῦ
1171 940 1297 1005 σώματος,
1319 943 1367 994 οὒιε
1384 940 1448 994 ἂνδ
1471 942 1546 1000 αύτδς
1567 941 1647 1006 ίλεγιν
1671 940 1770 1005 μείζονα

973 1010 1036 1070 είναι
1057 1026 1147 1076 ἑαυτοῦ
1168 1028 1210 1078 τδν
1232 1032 1341 1096 πατέρα,
1362 1032 1437 1083 δπότε
1457 1034 1530 1093 καλὴ
1548 1031 1666 1090 καθολιιιὴ
1688 1029 1769 1089 πίστις

973 1106 1090 1177 δεύτερον
1113 1114 1219 1181 δέχεται,
1238 1120 1280 1169 καλ
1296 1120 1414 1188 ἑκάτερον
1439 1122 1540 1181 dadraei,
1559 1121 1613 1181 ἥτις
1631 1119 1697 1170 κατὰ
1721 1120 1766 1178 “lt

971 1197 1103 1264 ὁμολογίαν
1118 1210 1163 1255 τοῦ
1182 1208 1305 1275 μακαρίου
1320 1210 1460 1261 ἀποστόλου
1475 1212 1584 1276 Πέτρου,
1601 1205 1644 1260 ἕνα
1654 1206 1766 1274 Χριστόν

64 1256 362 1325 crementacorporee
372 1254 460 1312 unius
470 1274 602 1329 personae
610 1259 718 1317 luerint
728 1264 818 1320 totius
826 1268 897 1323 tem·
920 1300 934 1331 ,-
970 1286 1012 1335 rto
1031 1290 1083 1340 etv
1105 1293 1149 1344 rot
1169 1298 1233 1346 esee
1253 1296 1297 1348 rot
1318 1299 1418 1360 ζῶντος,
1436 1301 1478 1351 καὶ
1503 1299 1633 1367 ἄνθρωπον
1653 1294 1766 1348 πωτιόει

61 1340 143 1412 poris
156 1339 392 1414 notiones;(e)ee
411 1343 651 1419 ipsetamenquae
663 1348 897 1423 inseparabiliter
969 1374 1010 1422 καὶ
1024 1376 1107 1440 λόγον.
1122 1380 1150 1431 El
1165 1384 1206 1433 aet
1228 1386 1258 1435 τὰ
1278 1385 1383 1449 μάλιστα
1400 1389 1481 1438 τοίνυν
1501 1388 1524 1443 ἐξ
1540 1387 1637 1446 taetrae
1656 1390 1700 1446 τῆς
1718 1383 1763 1450 do·

63 1428 232 1497 factasunt,
243 1428 750 1507 nullapermixtioneconlundimus,
761 1442 812 1496 sed
823 1442 894 1514 quid
967 1462 1022 1526 tie
1041 1466 1083 1530 ηρ·
1101 1461 1131 1529 ἧς
1148 1471 1173 1521 ρ,
1190 1480 1218 1538 ,ᾖ
1239 1476 1327 1542 „mi
1342 1464 1455 1533 1370
1464 1478 1508 1537 ,ἧς
1521 1476 1643 1540 captivae
1658 1475 1673 1523 a
1689 1471 1763 1537 λόηος

61 1517 96 1590 (b)
104 1517 195 1589 cujus
207 1517 306 1574 terme}
317 1519 356 1574 sit
366 1537 399 1575 ex
410 1537 531 1593 operum
541 1523 681 1596 qualitate
692 1529 854 1605 sentimus(
870 1533 891 1606 l.
966 1567 1067 1615 γηρηςε,
1079 1560 1150 1618 σὰρξ,
1163 1563 1192 1612 od
1204 1562 1225 1611 η’
1238 1565 1277 1615 5„
1291 1559 1334 1617 οη,
1345 1560 1375 1625 ἦ,
1388 1567 1529 1627 ammam,
1542 1562 1633 1627 μεταξὺ
1647 1560 1691 1622 τῆς
1703 1563 1762 1611 ικα-

135 1625 207 1672 tepea:
227 1634 336 1678 μορσης·
361 1626 400 1670 καὶ
422 1628 451 1673 δι’
475 1631 571 1688 ἁπάντη
595 1636 719 1690 α’,ξηοτως
748 1652 902 1695 septunce,
928 1637 981 1689 ίιις
1000 1646 1136 1698 προσωπου
1158 1646 1182 1690 αἱ
1211 1647 1255 1696 τοῦ
1280 1654 1370 1708 παντὸς
1392 1656 1483 1718 χρόνον
1512 1660 1608 1723 πράξεις
1628 1670 1772 1722 Διεγθνεισιε.

132 1696 203 1757 ὅμως
219 1704 281 1752 αὐτὰ
303 1706 389 1770 ταῦτα,
411 1714 472 1779 ἄτερ
488 1709 632 1785 ἀχωρίητως
653 1726 791 1784 γεγέννηται,
805 1722 861 1771 κατ’
876 1725 991 1789 atteratur
1016 1725 1134 1790 ἐπιμιξίαν
1151 1736 1299 1797 συηχέομεν,
1314 1739 1372 1790 ἀλλὰ
1386 1744 1417 1799 τί,
1433 1746 1504 1799 ποίας
1520 1744 1558 1805 εἴη
1574 1749 1669 1813 μορρῆς
1680 1748 1709 1798 διε
1729 1749 1772 1810 τῆς

130 1786 182 1843 τοῖιν
194 1788 272 1852 ἔργων
284 1798 416 1857 ποιότητος
428 1805 602 1858 αἰσθανόμεθα.
1561 1882 1568 1891 ,
1672 1884 1678 1893 ,

92 1864 815 1954 Cur.Vll.—Dicantergoldlistihypocrite,qui
832 1889 927 1955 ece-B
995 1887 1143 1949 διγὲτωσαν
1173 1889 1304 1957 τοιγαροῦν
1337 1878 1515 1958 οῑίἰποιιριταὶ
1544 1898 1631 1949 abacta
1656 1895 1679 1936 0¹
1708 1894 1762 1935 ταί(

57 1951 98 2008 cis
111 1953 264 2012 mentibus
274 1957 373 2014 lumen
387 1959 491 2016 nolunt
501 1962 628 2036 recipere
637 1968 778 2039 veritatis,
789 1971 818 2027 in
828 1989 887 2045 qua
961 1976 1061 2037 recrea
1082 1979 1197 2036 διανοίαις
1218 1981 1246 2028 τὸ
1271 1981 1313 2039 τῆς
1332 1981 1444 2039 maeste<
1470 1982 1521 2044 φῶς
1543 1976 1696 2034 ῑῑσὸἕίασθαί
1723 1971 1757 2036 μὴ

56 2040 887 2122 iormacrucislignollominusmajestatisChristusalil·

54 2146 111 2187 xus
126 2131 256 2206 sit,qaid
269 2135 397 2206 jacuerit
406 2137 436 2192 in
449 2138 594 2211 sepulcro,
605 2146 634 2197 et
645 2145 774 2203 reuoluto
786 2166 886 2207 menn·

54 2220 148 2277 menti
155 2218 264 2295 lapide,
281 2240 345 2296 qum
359 2227 445 2282 tertio
456 2227 504 2283 die
524 2230 633 2303 carole)
645 2239 843 2308 resurrexerit,
858 2247 887 2298 et

53 2307 886 2400 inquopostresurrectienernsuamconcredentesquoe·

52 2397 124 2452 dam
141 2397 304 2474 discipulos
316 2404 467 2474 arguebat,
479 2407 508 2459 et
517 2404 729 2467 haesitationem
744 2420 884 2473 cunctan-

50 2485 131 2541 tium
145 2488 327 2555 confutabat,
338 2507 406 2546 cum
418 2491 544 2548 diceret:
560 2495 706 2567 Palpoteet
714 2502 810 2570 uidete,
818 2507 885 2577 arrio

49 2576 170 2642 spiritus
185 2592 296 2633 earnem
309 2587 335 2635 et
349 2594 410 2637 caso
423 2597 479 2637 non
489 2580 577 2652 babet,
592 2586 663 2642 sicut
673 2590 819 2649 occidetis
834 2593 883 2651 bo·

52 2663 118 2720 bere
133 2665 211 2737 (Luc.
229 2683 252 2721 c.
267 2667 379 2739 aues)
390 2686 399 2722 :
411 2672 439 2723 et
452 2671 583 2742 apostolo
593 2672 709 2731 'l'bomae
721 2696 730 2731 .·
740 2681 814 2751 laser
823 2700 882 2739 mo-

50 2770 122 2810 num
136 2758 216 2810 tuom
229 2757 259 2811 ia
274 2756 346 2811 latare
352 2769 480 2828 mercaret
486 2760 728 2824 a'demannrmeor
735 2776 761 2825 et
768 2771 884 2845 perietis)

49 2851 77 2899 et
96 2844 159 2899 noli
177 2860 236 2899 esse
258 2845 425 2913 incredulae,
452 2848 499 2904 sed
521 2850 610 2920 tidelis
632 2854 720 2926 (loon.
745 2876 792 2928 xx,
808 2862 883 2931 2tl‘l

49 2933 117 2998 Qua
130 2931 236 3005 utiquc
251 2935 487 2994 manifestatione
499 2942 629 3012 corperis
644 2944 690 3000 sui
699 2947 883 3017 jambrereti·

47 3035 155 3075 corum
165 3022 321 3078 mendacie
333 3024 519 3083 destruebat:
538 3034 569 3084 ut
586 3030 721 3091 universa
743 3036 880 3111 Ecclesia,

47 3109 162 3167 Christi
178 3110 339 3169 imbuende
354 3114 504 3186 doctrinis,
520 3117 576 3174 boc
591 3120 647 3175 sibi
664 3138 721 3178 non
733 3125 882 3186 dubitaret

46 3199 885 3282 credendum‚quedapostolisusceperantpraedicendum

44 3288 85 3358 (μ)
92 3289 132 3342 At
139 3286 164 3343 si
187 3287 309 3345 intanta
322 3289 527 3350 lacereritatis
540 3298 676 3355 tenebras
690 3302 790 3359 1371
809 3322 879 3365 sues

42 3375 186 3433 heretica
199 3378 354 3433 obduratio
370 3395 428 3435 non
443 3382 594 3455 relinquit,
607 3390 774 3461 ostendant,
800 3396 879 3453 unde

44 3463 105 3520 sibi
115 3481 202 3537 spem
212 3465 479 3539 vitepolliceontur
489 3475 612 3545 eternae,
620 3477 655 3531 ad
667 3493 755 3549 quam
764 3480 820 3540 nisi
828 3502 879 3558 per

43 3553 242 3626 mediatorem
254 3554 305 3610 Dei
318 3555 516 3626 ethominum,
528 3559 879 3630 bominemJesumeri-

961 2063 1118 2127 βουλόμενοι,
1132 2066 1156 2114 ἐν
1172 2068 1231 2139 acia
1248 2075 1341 2132 μορρῇ,
1356 2069 1392 2132 τῷ
1408 2065 1452 2117 τοῦ
1464 2072 1574 2132 σταυροῦ
1593 2065 1657 2129 ξύλῳ
1674 2065 1688 2112 ό
1706 2058 1758 2110 Kti-

960 2167 1011 2215 ριος
1026 2154 1069 2212 τῆς
1082 2152 1154 2212 δόξης
1167 2155 1277 2221 Χριστός
1291 2154 1329 2214 εἴη
1342 2156 1579 2222 προσπεπαρμίνοςς
1598 2155 1621 2204 τί
1635 2151 1717 2201 ίκειτο
1731 2147 1756 2200 δν

959 2240 994 2303 τῷ
1012 2241 1097 2307 τάρῳς
1117 2243 1159 2293 καλ
1181 2249 1226 2294 τοῦ
1242 2245 1368 2309 μνόματος
1384 2244 1588 2300 δποκυλισθίντος
1611 2238 1656 2293 τοῦ
1676 2240 1756 2298 λίθου,

958 2328 1018 2379 ποία
1039 2332 1099 2397 σὰρξ
1116 2338 1146 2396 τῇ
1164 2334 1232 2399 τρίτῃ
1254 2336 1337 2400 ἡμέρα
1356 2334 1487 2398 ίίανὲστῃς
1506 2332 1630 2383 καὶκατὰ
1651 2330 1674 2380 τί
1692 2328 1755 2393 μετὰ

958 2420 1001 2478 τὴν
1017 2421 1151 2471 ἀνάστασιν
1164 2423 1252 2481 αὐτοῦ,
1268 2424 1316 2473 τῶν
1331 2424 1446 2487 μαθητῶν
1463 2439 1529 2478 τινας
1545 2423 1578 2486 μὴ
1592 2417 1755 2473 πιστεύοντας

956 2506 1069 2575 ἤλεγχεν,
1085 2510 1127 2560 καὶ
1141 2512 1185 2571 τὴν
1199 2513 1248 2561 τῶν
1268 2513 1426 2570 ἐνδιαζόντων
1445 2513 1592 2576 δμριόολίαν
1613 2508 1751 2574 ἐνέπρεπεν,

941 2580 945 2589 .
957 2598 1050 2659 λέγων·
1065 2620 1077 2644 «
1088 2602 1256 2665 Ψηλαρήσατό
1268 2619 1309 2665 με,
1321 2602 1363 2653 ταί
1374 2600 1446 2667 ίδετε,
1458 2602 1497 2651 ὅτι
1509 2599 1605 2663 πνεῦμα
1615 2599 1697 2664 σάρκα
1707 2595 1751 2647 καί

956 2685 1033 2733 όστόα
1052 2687 1099 2735 οὐκ
1119 2687 1180 2751 ἔχει,
1201 2691 1283 2744 καθὼς
1303 2688 1348 2753 aa
1367 2689 1481 2754 θεωρεῖτε
1498 2689 1600 2753 ἔχοντα·
1623 2704 1636 2731 ιι
1653 2683 1696 2734 καλ
1718 2683 1755 2749 τῷ

955 2774 1086 2839 ἀποστόλῳ
1103 2777 1196 2843 θοιμᾷ·
1209 2798 1222 2824 α
1238 2779 1303 2843 Φέρε
1321 2781 1364 2836 τὴν
1380 2779 1451 2843 χεῖρά
1465 2795 1511 2827 σου
1539 2777 1572 2833 τίς
1588 2778 1631 2835 τὴν
1648 2773 1754 2841 πλευρόν

957 2877 1015 2923 μου,
1036 2863 1077 2912 καί
1092 2861 1128 2912 ἴδε
1146 2866 1189 2921 τὰς
1207 2866 1292 2931 χεῖράς
1310 2882 1369 2929 μου,
1392 2865 1434 2915 καὶ
1453 2864 1512 2921 τοὺς
1529 2864 1606 2921 πόδας
1627 2879 1688 2928 μου,
1709 2858 1754 2911 καί

957 2953 988 3015 μή
1008 2952 1078 3015 γίνου
1089 2950 1201 3016 ἄποτος,
1215 2954 1274 3003 ἀλλὰ
1283 2954 1379 3010 πιστός.
1395 2973 1407 2998 ν
1425 2952 1460 3004 Δι’
1471 2946 1501 3014 ἧς
1511 2955 1583 3014 δῆλον
1597 2955 1636 3005 ότι
1648 2952 1692 3013 τῆς
1704 2947 1751 3002 τοῦ

955 3040 1072 3104 σώματος
1085 3041 1163 3093 αὑτοῦ
1178 3044 1343 3108 ρανερώσεως
1355 3040 1401 3106 ἢδη
1419 3045 1468 3095 τῶν
1487 3044 1616 3111 αδριτικῶν
1637 3042 1680 3099 τὰς
1691 3039 1754 3106 ψεύ·

954 3127 1065 3193 δολοηίας
1081 3130 1224 3195 διέπρεπεν,
1239 3132 1400 3181 ὥστεπᾶσαν
1421 3133 1464 3191 τὴν
1480 3132 1611 3191 ἐκκλησίαν
1626 3133 1670 3181 τοῦ
1685 3133 1751 3195 Χρι-

954 3214 1026 3278 στοῦ,
1044 3220 1088 3277 τήν
1110 3220 1153 3274 τὰς
1170 3220 1327 3275 διδασκαλίας
1352 3217 1431 3269 αὐτοῦ
1458 3220 1614 3284 μνησαμένην
1633 3217 1754 3282 μηδαμῶς

955 3305 1116 3368 ἀμφιθάλλειν
1130 3310 1164 3362 ὡς
1182 3312 1258 3357 τοῦτο
1270 3309 1320 3357 δέοι
1336 3308 1471 3366 πιστεύειν,
1486 3309 1546 3372 ὅπερ
1562 3309 1585 3355 et
1611 3304 1752 3356 Ἀπόστολοε

953 3394 1014 3460 πρὸς
1028 3394 1057 3443 τδ
1069 3394 1199 3459 κηρύττειν
1218 3389 1281 3455 όταν
1297 3395 1482 3460 ὑποδεξάμενοι.
1496 3396 1522 3444 El
1542 3388 1584 3446 σίν
1600 3393 1625 3444 δν
1641 3394 1676 3458 τῷ
1691 3409 1751 3442 τοσ-

954 3481 1022 3545 ούτῳ
1046 3483 1089 3541 τῆς
1106 3483 1219 3541 ἀληθείας
1241 3469 1352 3537 1372
1367 3482 1438 3546 φωτὶ,
1458 3483 1486 3532 εδ
1504 3481 1594 3537 σεότος
1612 3480 1640 3529 τὸ
1661 3478 1752 3539 ίαυτῆς

951 3569 967 3624 ἡ
983 3568 1083 3632 luepori
1098 3569 1146 3619 τῶν
1161 3571 1290 3637 αἱρετινῶν
1305 3571 1353 3620 οὐκ
1370 3570 1466 3635 ἀφίησι,
1481 3568 1660 3630 δεικνύτωσαν,
1674 3567 1748 3618 πόθεν

953 3654 1049 3711 όαυτοῖς
1065 3656 1110 3715 τῆς
1132 3657 1231 3706 αἰωνίου
1253 3658 1316 3716 ζωῆς
1333 3657 1376 3716 τὴν
1398 3656 1480 3706 ίλπίδα
1498 3657 1747 3720 κατεπαγγέλλονται,

952 3742 1014 3806 πρὸς
1025 3739 1055 3804 ἢν
1073 3746 1093 3794 el
1112 3746 1145 3808 μὴ
1162 3746 1201 3794 διὰ
1216 3743 1261 3794 τοῦ
1279 3746 1381 3809 μεσίτου
1400 3743 1465 3796 Θεοῦ
1489 3746 1531 3796 καὶ
1548 3745 1683 3811 ἀνθρώπων
1704 3744 1748 3795 ἂν·

952 3830 1052 3895 operae
1075 3831 1160 3891 Ἰησοῦ
1177 3833 1292 3899 Χριστοῦ
1310 3835 1440 3898 ἀφικέσθαι
1457 3835 1588 3885 ἀδύνατον.
1608 3835 1681 3883 Ketia
1700 3833 1748 3902 γάρ

952 3923 1052 3982 φησινό
1075 3923 1195 3988 μακάριος
1210 3923 1348 3980 ἀπόστολος
1370 3926 1474 3990 Πίερος,
1497 3925 1553 3974 Oba
1572 3921 1638 3980 ἔστιν
1660 3923 1745 3990 ἕτερον

951 4008 1030 4071 ὄνομα
1050 4010 1180 4076 διδόμενον
1199 4013 1250 4068 τοῖς
1261 4012 1399 4078 ἀνθρώποις
1417 4012 1465 4062 trab
1487 4011 1532 4063 τοῖν
1550 4009 1667 4078 οὐρανοῦ,
1682 4012 1707 4064 ἐν
1724 4006 1745 4080 ᾧ

950 4090 986 4140 δεῖ
997 4095 1106 4153 σωθῆναι
1128 4095 1207 4159 ἡμᾶς·
1230 4097 1287 4146 ούδέ
1312 4098 1364 4147 ἐστι
1391 4096 1512 4163 λύτρωσις
1530 4097 1579 4146 τῶν
1608 4095 1743 4164 ἀνθρώπων

950 4180 1118 4245 αἰχμαλωσίας
1134 4185 1154 4233 εἰ
1174 4187 1207 4248 μὴ
1223 4186 1248 4234 ἐν
1264 4187 1299 4250 τῷ
1318 4188 1404 4250 αἵματι
1417 4185 1520 4246 τούτου,
1538 4181 1564 4242 δς
1580 4184 1670 4236 ίδωκεν
1686 4188 1743 4237 ίαν·

951 4267 993 4318 τδν
1010 4269 1099 4334 λύτρον
1119 4272 1180 4343 ὑπὲρ
1198 4273 1307 4325 πόντων.
1323 4274 1373 4326 Kal
1387 4274 1455 4331 ὅστις
1469 4273 1589 4340 (καθάπερ
1603 4275 1744 4341 ιεηρύττειδ

41 3647 140 3710 stum,
158 3660 218 3699 non
232 3647 329 3716 potest
342 3647 495 3717 perveniri.
513 3649 594 3706 Sicut
609 3653 685 3709 enim
705 3657 745 3713 ait
774 3660 878 3721 beatus

40 3736 154 3788 Petrus
168 3730 332 3803 apostolus,
344 3738 406 3790 Noe
416 3744 455 3792 ert
464 3738 542 3793 aliud
554 3743 877 3808 commodatumbomini-

41 3820 94 3876 θιιε
107 3822 162 3876 συθ
178 3821 257 3887 coelo,
274 3823 304 3876 in
320 3838 372 3893 ριιο
386 3830 508 3895 oporteat
518 3842 567 3882 eos
580 3830 670 3887 saluos
684 3833 820 3909 μετίασί.
838 3859 877 3909 1v,

41 3912 108 3978 12);
122 3925 177 3965 nec
193 3913 238 3966 est
253 3911 414 3983 redempito
425 3913 602 3985 captivitatis
612 3917 758 3995 bumana,
775 3927 832 3985 nisi
847 3929 876 3986 ia

39 3997 195 4071 sanguine
206 3999 282 4069 ejas,
294 4000 599 4075 quidedr'tsemetipeum
607 4009 817 4083 redemptionem
826 4036 876 4091 pro

39 4086 175 4143 omniura
191 4087 214 4158 (Ι
226 4088 291 4143 Tim.
308 4104 346 4160 ιε,
358 4090 395 4161 θ),
412 4092 516 4162 etqui,
532 4094 609 4151 sicut
623 4100 761 4169 predicet
772 4105 876 4165 beatus

38 4173 201 4248 apostolus
210 4175 328 4245 Paulus,
336 4194 399 4242 cum
405 4181 435 4234 in
444 4182 589 4252 formatici
597 4191 674 4257 esset,
681 4206 737 4247 ιιοιι
746 4197 876 4267 rapinum

45 4265 211 4324 arbitratus
225 4272 332 4322 estesse
345 4282 375 4322 ee
397 4269 529 4339 ωρκοίοιο
541 4272 604 4342 Deo,
633 4276 679 4332 sed
701 4284 876 4356 semetipsum

74 4497 118 4582 (o)
132 4496 257 4557 vindeb.
269 4497 364 4576 Hisp,
375 4522 406 4561 eo
422 4504 482 4578 ipso
495 4525 611 4582 comque
626 4510 661 4567 ud
674 4514 792 4587 libitum,
813 4537 872 4646 ραν
887 4524 910 4589 [λ
927 4527 1003 4596 quod
1022 4543 1080 4583 non
1096 4529 1190 4587 solum
1207 4533 1304 4589 desint
1319 4535 1348 4590 in
1360 4535 1497 4593 omnibus
1508 4552 1579 4594 mss.
1592 4537 1754 4610 Ouesnelli‚

32 4573 309 4645 reperebitur,soeto
318 4582 391 4632 cunt.
402 4580 698 4645 EmendatuminVet.
709 4587 803 4661 Hisp,
825 4593 870 4648 sid
926 4601 954 4651 et
963 4597 992 4651 in
1004 4600 1111 4655 nostris
1120 4602 1300 4660 diversarum
1311 4605 1527 4673 collectionum,
1539 4625 1571 4664 ac
1581 4609 1611 4665 in
1623 4626 1703 4667 exem
1727 4612 1755 4669 lo

33 4651 65 4700 et
79 4643 211 4715 reliquis
225 4646 357 4715 ejusdem
373 4649 505 4720 originis,
519 4666 552 4707 eo
567 4654 759 4729 iuuenemque,
776 4669 806 4716 ut
833 4665 872 4719 ito
947 4668 1027 4724 rima
1043 4672 1190 4740 editionis,
1208 4691 1260 4730 nec
1271 4693 1333 4732 non
1349 4677 1378 4731 in
1393 4677 1480 4734 editis
1497 4680 1624 4748 Merlin'r,
1635 4629 1754 4754 (trebiri,

31 4717 144 4778 dicam,
157 4729 221 4785 ρεστ
234 4718 456 4788 inseparabiliter
466 4723 538 4791 secto
547 4733 621 4779 eunt.
630 4726 661 4781 In
674 4745 745 4784 mss.
757 4731 870 4790 collect.
926 4684 1063 4808 ilieolini,
1075 4748 1103 4797 et
1113 4744 1198 4812 Binii,
1209 4762 1309 4801 verum
1320 4747 1408 4803 etiam
1417 4749 1446 4804 in
1458 4751 1755 4823 antiquissimaGrea·

31 4787 309 4857 2lcoipsolomen,
325 4805 395 4860 oue,
411 4799 440 4846 ut
458 4794 497 4846 ito
521 4792 620 4862 dicam,
651 4800 872 4872 inreparabiliter
926 4825 960 4865 ca
974 4811 1117 4880 versione,
1134 4832 1197 4887 quer
1212 4833 1246 4871 ex
1258 4817 1362 4875 Leonis
1384 4821 1516 4895 exemplo
1547 4824 1576 4879 in
1604 4825 1754 4886 Orientem

30 4861 115 4929 [acte
129 4864 205 4912 suat.
222 4857 314 4930 liujus
329 4860 509 4917 collectionis
524 4871 626 4921 auctor
636 4873 664 4923 et
674 4873 832 4942 genuinam
843 4880 872 4932 et
926 4881 1017 4936 misso
1034 4891 1152 4956 sumpta
1167 4886 1231 4942 luit.

29 4929 232 4984 emendatam
247 4927 402 4987 lectionem
418 4932 572 5005 copulavit.
589 4938 654 4993 Mox
666 4941 694 4996 in
706 4944 759 4999 Vul
784 4953 871 5004 ,ente
951 4945 1000 5024 ’(ό)
1016 4954 1080 5010 Vat.
1098 4955 1207 5011 collect.
1224 4961 1241 5013 8
1255 4962 1283 5013 et
1301 4960 1397 5030 prima
1409 4962 1498 5020 editio
1527 4966 1640 5023 addunt
1666 4985 1749 5027 nune.

31 5000 153 5063 Qaesn.
169 5015 237 5054 cum
253 5000 345 5074 Hisp.,
363 5003 431 5059 lsid.
447 5012 474 5059 et
489 5007 610 5075 ceteris,
626 5015 829 5073 eoremictroue.

926 5022 991 5078 Mox
1019 5028 1086 5082 ceri
1101 5029 1197 5083 ruentis
1212 5028 1241 5083 in
1258 5030 1354 5101 prima
1366 5034 1502 5093 editione.

71 5071 115 5142 (b)
129 5070 371 5155 TresQucsuelli
386 5075 469 5130 codd.
482 5076 579 5148 Barb,
601 5081 677 5136 bodl.
694 5089 722 5139 et
733 5087 868 5145 Cantabr.
961 5093 996 5164 (c)
1016 5096 1136 5153 Vindeb.
1152 5099 1246 5172 Hisp..
1262 5107 1424 5168 resurrexit,
1440 5112 1467 5162 et
1480 5125 1544 5181 ρνο.
1559 5108 1683 5165 Vetflis
1707 5114 1754 5167 ‚et

31 5158 109 5199 cum
122 5145 237 5197 nostre
259 5142 324 5198 Vat.
336 5144 418 5217 Hrsp.
436 5162 469 5201 ac
488 5148 569 5214 isid,
584 5154 613 5206 et
627 5152 684 5209 elie
696 5156 808 5214 collect.
829 5165 870 5228 ll,

493 5218 498 5228 ¹
926 5164 995 5221 lsid.
1011 5173 1040 5222 ct
1054 5166 1130 5225 alius
1150 5170 1261 5227 collect.
1292 5174 1336 5244 ll,
1352 5181 1514 5245 rerurrecit,
1529 5187 1554 5235 et
1573 5181 1647 5251 quio,
1689 5180 1749 5254 ulg.

28 5215 185 5296 cujusque.
201 5211 287 5295 Origo
316 5214 405 5287 hrajus
434 5215 566 5277 lectionis
594 5228 639 5278 est
667 5241 702 5281 ea
721 5229 870 5289 codicibus

26 5285 123 5357 Hisp.
141 5282 314 5340 Gallicanis.
924 5306 1340 5381 Ouesnellus,rc5urreuerit,et
1349 5320 1380 5373 ia
1392 5319 1649 5390 qru.Pretulimus
1660 5339 1690 5378 m
1699 5340 1751 5396 quo

67 5359 111 5420 (c)
121 5355 213 5427 Vulg.
223 5356 350 5411 addunt:
362 5358 730 5424 Necdiuiaoenimbumonis
738 5373 871 5444 prejecti·
924 5394 958 5432 ex
968 5379 1092 5453 Ratisp.,
1106 5383 1168 5439 Vnt.
1179 5385 1250 5459 ch.
1263 5388 1395 5444 attribue
1407 5390 1492 5448 codd.
1502 5390 1615 5449 collect.
1626 5394 1672 5462 21,
1682 5410 1751 5453 cum

25 5426 870 5516 cont,ceetomonediviairscuezitoinidipenmutroquc
923 5449 1032 5575 {Quibus
1049 5460 1107 5509 tres
1127 5455 1176 5510 alii
1200 5459 1284 5514 codd.
1315 5461 1461 5524 Ouesnelli
1488 5462 1582 5530 corb,
1614 5464 1705 5526 Grim.
1723 5471 1753 5527 et

24 5504 219 5564 concurrant,
231 5502 261 5553 ut
272 5516 301 5554 εει
312 5516 352 5555 σεε
360 5517 408 5556 nec
414 5507 744 5581 propraetoeobaumotur,
754 5532 869 5588 aceper-
948 5520 1036 5578 buan.
1053 5527 1249 5585 consentiunt.

25 5571 282 5641 conopeminctur.
295 5570 373 5627 Licet
385 5578 482 5628 autem
503 5574 563 5632 hac
574 5577 709 5652 legantur
723 5583 753 5640 in
782 5588 867 5660 epist.
959 5593 992 5732 ρ)
1007 5594 1068 5650 Vat.
1086 5597 1199 5655 collect.
1215 5602 1232 5654 3
1246 5602 1275 5656 et
1289 5599 1383 5671 prima
1398 5603 1486 5661 editio
1502 5603 1615 5664 addunt
1629 5624 1712 5668 meos.

25 5642 99 5706 124,
118 5645 151 5697 et
165 5640 197 5696 in
213 5656 300 5726 serm.
322 5643 368 5728 bd,
385 5660 409 5700 ο.
428 5645 453 5712 1,
468 5661 501 5700 ex
518 5647 626 5720 quibus
651 5652 779 5713 Leonine
805 5675 869 5719 esse
988 5665 1050 5739 )Se
1072 5670 1130 5726 tem
1146 5667 1241 5741 codd,
1257 5670 1333 5730 iuter
1347 5689 1422 5751 quos
1436 5675 1549 5756 Ratiep.
1566 5683 1595 5741 et
1623 5679 1749 5750 l'iudeb·

23 5711 173 5778 dubitari
186 5718 298 5792 nequit,
314 5713 383 5774 bruc
398 5719 494 5777 temen
506 5719 608 5784 eadem
619 5727 868 5808 expunandam
923 5751 956 5800 οο
981 5741 1035 5803 ect.
1050 5684 1077 5804 ό
1093 5742 1130 5805 Ae
1142 5744 1178 5806 ei.

925 5236 1038 5308 antiqui
1054 5255 1121 5294 com
1136 5257 1207 5298 mss.
1224 5243 1337 5301 collect.
1351 5247 1395 5316 lt,
1411 5251 1561 5305 resurrexit
1581 5257 1607 5306 et
1632 5253 1672 5334 εἰι1
1686 5269 1749 5323 quo.
