4050 6175
160 321 201 381 ld
565 318 771 382 PttAErnrto
792 318 1013 381 annuentis
1036 319 1075 383 ΙΝ
1099 321 1202 388 HANG
1224 321 1452 387 uulrlouutt.
1691 371 1693 381 ·
1820 330 1859 394 lt

156 451 416 517 coasfitueadum
450 453 597 515 Ecclesiae
633 453 795 516 doctorem
831 454 1020 516 necessarias
1041 453 1204 535 desipnasti
1232 456 1273 536 (a)
1309 460 1499 521 eminentem
1529 460 1639 523 scilibet
1668 446 1876 541 doctrinam,

155 552 315 632 insignem
344 551 418 613 vitae
445 550 656 626 sanctitatem,
687 556 719 612 et
755 556 907 631 praeterea
943 552 1059 612 summi
1094 553 1251 632 pontificis
1288 562 1343 615 aut
1379 557 1502 618 concilii
1530 560 1686 637 generalis
1722 562 1860 642 legitime

152 649 340 731 congregati
369 649 628 712 declarationem.
658 647 742 710 Duas
761 649 879 730 priores
917 649 1110 728 conditiones,
1134 651 1164 712 in
1195 652 1302 735 quibus
1322 653 1386 733 ejus
1415 656 1500 715 tituli
1527 656 1704 720 decernendi
1721 659 1813 724 radia
1833 670 1862 723 et

149 748 289 810 merulana
309 748 484 822 eontinetru,
509 747 540 808 in
561 749 666 810 Leone
687 756 788 808 nostro
810 747 943 808 inueniri
961 749 1027 829 ipsa
1049 749 1184 811 Romana
1206 750 1343 812 Ecclesia
1363 772 1429 813 eum
1453 755 1484 813 in
1504 754 1572 815 aliis
1590 754 1717 835 publicis
1739 757 1858 835 tabulis,

148 857 211 908 tum
232 846 267 907 in
288 844 508 927 Martyrolopio
528 847 603 909 satis
642 853 749 907 testata
770 856 823 907 est.
846 844 948 907 llestat
968 854 1004 906 nt
1039 850 1128 910 tertrb
1162 847 1394 931 cotidiae-qua
1416 850 1491 911 idem
1514 850 1614 912 titulus
1634 863 1662 914 et
1683 854 1779 917 cultus
1800 857 1861 938 ipsi

147 948 180 1007 in
201 963 343 1006 misteria
364 944 396 1007 Ε
397 942 501 1006 celaia
522 943 657 1024 lepitimo
678 944 854 1005 auctoritate
875 945 1085 1018 constituatur,
1108 945 1199 1006 eidem
1226 946 1346 1007 accedat
1363 966 1420 1028 per
1441 956 1476 1021 te,
1499 948 1556 1028 qni
1573 948 1637 1028 ejus
1656 952 1764 1014 merita
1784 973 1855 1015 con-

145 1042 297 1118 siderem,
319 1041 356 1105 de
375 1040 473 1104 eodem
493 1042 630 1123 fortassis
648 1040 871 1123 pronuntiabis,
899 1041 981 1123 quod
999 1040 1036 1103 de
1064 1042 1101 1104 S.
1133 1042 1291 1105 Bernardo
1320 1046 1349 1104 in
1371 1043 1470 1105 euclem
1503 1044 1597 1126 Opere
1625 1048 1773 1128 scripsisti
1790 1049 1832 1132 (b)
1844 1082 1853 1125 :

151 1141 336 1205 Dolendum
362 1139 499 1216 videtur,
530 1139 616 1220 quod
646 1158 744 1220 usque
772 1139 877 1201 adhuc
906 1140 1077 1219 cogitatum
1107 1160 1170 1203 uon
1200 1142 1295 1204 luerit
1323 1142 1360 1203 dc
1390 1145 1506 1205 Sancto
1537 1147 1584 1205 tot
1602 1144 1851 1210 meritiseximio

145 1239 337 1321 emlestique
350 1238 495 1300 doctrina
519 1238 645 1312 retorto,
662 1237 794 1299 colendo
811 1235 901 1299 titulo
916 1253 1062 1302 nocrours
1083 1238 1116 1300 in
1131 1238 1277 1301 universa
1291 1239 1534 1303 EcclesiaForte
1557 1240 1623 1317 tibi,
1645 1242 1697 1305 eui
1707 1243 1786 1306 nulrit
1794 1227 1855 1325 'iu-

143 1337 272 1402 cursim
294 1355 386 1420 paam
405 1344 576 1398 sanctorum
597 1334 710 1396 cultum
730 1336 1031 1417 promouere,quique
1049 1335 1200 1418 peculiare
1222 1348 1303 1399 tuum
1324 1359 1396 1420 erpa
1414 1348 1548 1401 sanetum
1571 1343 1699 1404 Leone!
1713 1342 1852 1422 studium,

143 1436 217 1499 dum
237 1455 311 1500 uses
334 1435 502 1499 Canonieus
522 1433 694 1495 Areliur'sta
714 1432 854 1494 Basilica
876 1430 909 1496 S.
947 1433 1043 1511 Petri,
1067 1437 1273 1497 innovissimo
1308 1436 1475 1497 inventione
1495 1437 1532 1516 (c)
1562 1440 1628 1520 ejus
1647 1441 1781 1521 corporis
1797 1461 1855 1525 po-

145 1536 294 1597 tissumum
314 1532 530 1605 demormrasti,
555 1530 619 1604 tibi,
643 1531 777 1613 inquam,
799 1529 860 1592 laec
883 1529 948 1591 laus
968 1542 1118 1593 reseruata
1140 1542 1192 1606 est,
1215 1543 1249 1593 ut
1267 1535 1323 1614 qui
1340 1554 1465 1615 inapnus
1485 1555 1513 1596 es
1534 1539 1640 1617 nrapni
1656 1554 1763 1602 asonrs
1783 1558 1850 1601 sue·

143 1653 242 1696 rator
263 1643 292 1693 et
312 1630 476 1704 emulator,
500 1638 615 1690 tantum
633 1627 783 1710 potificem
806 1645 952 1691 nocrorus
974 1629 1061 1691 titulo
1082 1649 1206 1691 enormes
1226 1630 1317 1712 luitis
1347 1632 1485 1693 editionis
1516 1634 1759 1717 occasioneque
1779 1637 1850 1699 dum

142 1733 237 1816 ipm‘us
260 1730 371 1813 Opera,
387 1728 513 1811 jubente
533 1746 569 1789 ue
590 1725 753 1808 opitulante
776 1737 813 1800 te,
836 1725 876 1788 ud
894 1728 1033 1808 purtbres
1053 1728 1164 1789 codeces
1185 1738 1331 1791 eructuet
1351 1730 1502 1792 illustrato
1523 1741 1631 1813 tuoque
1651 1736 1769 1795 nomini
1785 1736 1846 1797 ius·

141 1833 242 1913 cripta
264 1831 295 1890 in
318 1827 410 1889 lucem
431 1827 561 1909 profert,
585 1825 690 1888 liseur
711 1824 802 1907 liujus
822 1841 966 1889 nocrours
988 1828 1127 1887 meritum
1147 1830 1235 1889 etrum
1258 1827 1426 1908 confirmat.
1451 1828 1514 1891 Sed
1534 1829 1587 1892 lucc
1605 1839 1686 1893 tuum
1700 1831 1853 1913 judicium

139 1939 209 1993 esto.
237 1928 261 1991 1
264 1926 311 1988 ili
328 1926 450 1989 interim
470 1922 541 1985 dum
561 1923 695 1986 uolumen
715 1921 795 1985 istud
814 1922 976 2003 offeremus,
994 1934 1110 1986 sanctos
1132 1935 1197 1985 tuos
1214 1924 1304 2007 perles
1324 1926 1488 1988 humillime
1509 1927 1716 2004 deosculantes,
1740 1938 1854 2011 aposto·

142 2027 232 2090 bima
256 2023 484 2088 benedictstmnn
498 2020 703 2105 deprecamur.

173 2217 213 2432 ps)
231 2215 298 2272 Lib.
314 2229 355 2282 rr,
371 2215 447 2286 part.
463 2227 496 2281 11,
516 2227 580 2284 cap.
597 2209 644 2282 ll,
659 2227 689 2266 n.
705 2209 749 2265 t3.

186 2290 213 2432 iti
228 2284 486 2429 iiiiccdeii'elpllnia
499 2358 570 2411 tom.
588 2353 622 2423 ll,
639 2352 669 2409 in
683 2352 825 2408 observat.
844 2351 879 2407 ad
893 2350 1013 2408 Dissert.
1032 2351 1043 2407 t
1063 2351 1210 2418 Quesnelli
1227 2353 1262 2409 ad
1283 2370 1330 2408 an.
1348 2353 1410 2410 tet.

581 2685 1406 2818 asssnnrnronurr

439 2930 955 3091 PRAEFATlO
1018 2930 1563 3096 eruentus

465 3194 504 3256 ΙΝ
527 3191 759 3256 bNtvustsatt
781 3189 944 3252 OPERUM
967 3189 1106 3251 SANCTI
1128 3191 1266 3252 LEONlS
1289 3192 1516 3255 nblrlouutt.

176 3490 203 3552 1.
229 3487 308 3548 cum
331 3481 372 3543 de
396 3497 478 3543 nora
499 3476 637 3540 editione
658 3478 795 3556 Operum
817 3473 918 3535 sancti
939 3475 1053 3537 Leonis
1075 3494 1164 3556 papus
1186 3475 1226 3536 ad
1249 3493 1322 3535 mss.
1346 3477 1519 3554 praesertim
1542 3480 1700 3538 Romanos
1722 3476 1845 3539 codices

140 3581 352 3654 lucubranda,
375 3595 448 3659 que
469 3574 599 3637 editioni
628 3573 857 3647 Ouesnellieuae
880 3572 949 3651 J'am
971 3572 1156 3652 proscripta
1184 3572 1302 3651 opponi
1323 3578 1355 3632 et
1385 3574 1526 3652 praelerri
1558 3580 1672 3654 posset,
1696 3574 1788 3636 alteri
1808 3591 1847 3635 ex

142 3683 244 3757 nobis,
268 3678 347 3740 dum
371 3677 479 3736 Rome
500 3676 593 3745 essct,
615 3688 780 3750 supremus
810 3670 940 3730 antistes
961 3668 1149 3730 Benedictus
1171 3669 1239 3730 xlv
1260 3686 1340 3728 onus
1372 3669 1531 3748 imposuit,
1562 3687 1626 3730 uon
1657 3687 1758 3749 pauca
1780 3669 1846 3749 pri-

144 3800 229 3843 mum
251 3795 314 3840 nec
332 3772 416 3836 levia
438 3775 597 3833 momenta
618 3772 810 3831 terruerunt.
833 3767 909 3838 Quae
930 3767 1014 3828 enim
1037 3771 1068 3828 et
1089 3766 1198 3846 quanti
1220 3765 1260 3826 sit
1280 3783 1319 3827 ea
1339 3765 1450 3826 Leonis
1471 3766 1578 3842 editio,
1603 3785 1699 3847 qnam
1721 3784 1844 3828 summo

143 3876 248 3941 studio
270 3870 394 3936 curarit
413 3867 602 3930 Paschasius
623 3863 817 3941 Oucsnellus,
841 3862 887 3925 illi
908 3864 967 3924 soli
987 3865 1135 3942 ignorare
1157 3869 1288 3943 queunt,
1324 3863 1378 3943 qui
1401 3863 1570 3926 editionem
1593 3864 1661 3944 ejus
1682 3864 1845 3944 ignorant.

143 3979 171 4041 Si
192 3979 321 4039 textum
355 3966 527 4048 expendas,
550 3963 658 4045 quiin
681 3962 876 4025 aestimandis
898 3967 1038 4024 veterum
1061 3960 1251 4022 editionibus
1274 3961 1410 4042 primurn
1433 3968 1464 4023 et
1486 3963 1683 4041 potissimum
1705 3969 1848 4044 spectan-

144 4076 201 4138 dus
222 4077 284 4144 est,
306 4073 338 4131 et
358 4067 392 4127 in
413 4082 478 4145 quo
499 4062 652 4144 quaeritur
673 4079 750 4122 num
772 4060 811 4123 sit
833 4060 1018 4122 emendatus
1039 4078 1076 4120 ac
1111 4058 1249 4119 ineditiis
1269 4058 1428 4139 opusculis
1449 4067 1569 4134 auctus,
1609 4061 1714 4141 plures
1735 4061 1787 4122 ille
1810 4078 1847 4121 ac

145 4166 424 4256 prestantissimae
445 4161 568 4225 codices
589 4165 701 4221 nactus
732 4165 788 4233 est,
813 4176 947 4238 quorum
983 4156 1129 4238 praesidio
1152 4157 1252 4217 multa
1272 4156 1342 4219 loca
1363 4157 1394 4218 in
1417 4157 1628 4220 anterioribus
1655 4158 1846 4222 editionibus

145 4271 320 4352 depravate
340 4261 474 4326 leliciter
493 4257 639 4331 correxit,
671 4260 703 4319 et
731 4253 888 4335 Epistulas
918 4255 1088 4336 pontilicis,
1121 4273 1191 4334 quas
1213 4253 1295 4314 inter
1325 4254 1422 4334 ipsius
1453 4255 1557 4335 Opera
1586 4274 1682 4316 sacrm
1705 4254 1845 4316 historiae

147 4368 287 4431 utiliores
308 4366 393 4436 sunt,
416 4378 455 4421 ex
478 4375 540 4419 uno
562 4354 741 4419 Grimenico
776 4372 835 4414 ms.
857 4358 929 4415 octo
950 4358 982 4415 et
1003 4352 1114 4432 viginti
1149 4357 1243 4413 antea
1265 4351 1389 4413 ineditis
1410 4371 1525 4430 augere
1561 4353 1709 4434 Epistolis
1730 4353 1844 4433 potuit.

149 4468 303 4528 Praetarea
325 4459 389 4523 alia
408 4456 555 4538 quiedam
577 4453 693 4531 adjecit
714 4450 844 4527 inedita,
867 4452 949 4512 inter
969 4470 1041 4531 quae
1074 4449 1210 4510 maxime
1244 4450 1375 4511 celebris
1396 4458 1443 4511 est
1477 4450 1696 4531 antiquissima
1716 4451 1771 4512 illa
1792 4452 1846 4513 Cu·

72 4620 76 4645 ,
144 4580 267 4629 nonum
298 4564 332 4622 et
361 4554 572 4638 Epistolarum
604 4555 818 4612 Romanorum
850 4549 1034 4630 pontificum
1071 4548 1226 4622 collectis,
1250 4568 1320 4628 qum
1356 4549 1554 4629 Dionysiades
1583 4548 1716 4609 nihilum
1751 4548 1844 4624 cedit,

144 4655 411 4736 retusussimiqus
430 4651 574 4715 canonici
591 4650 672 4729 juris
698 4647 844 4710 studiosis
867 4647 1004 4708 maximo
1027 4646 1212 4727 adjumento
1234 4652 1291 4706 est.
1315 4646 1348 4707 Si
1370 4665 1443 4708 vcro
1478 4647 1575 4727 ipsius
1609 4646 1738 4709 editoris
1760 4647 1848 4709 lucu-

144 4760 306 4823 brnssones
327 4751 428 4817 textui
463 4749 512 4811 rel
547 4748 640 4809 rebus
673 4746 868 4808 illustrandis
901 4745 1034 4806 insertas
1067 4743 1244 4805 consideres
1276 4742 1319 4822 (id
1353 4743 1436 4804 anim
1472 4743 1606 4805 alterum
1638 4744 1790 4824 estquod
1814 4744 1846 4805 in

144 4854 338 4920 editionibus
359 4845 535 4931 queantur),
558 4862 704 4926 quaenam
735 4843 831 4905 editio
866 4843 994 4904 Petrum
1019 4848 1066 4903 tot
1101 4841 1193 4901 unius
1226 4840 1354 4901 editoris
1388 4841 1670 4916 observationibus,
1704 4842 1849 4903 admoni-

145 4954 294 5023 tionibus,
320 4948 402 5010 notis
437 4952 469 5008 et
489 4940 760 5006 dissertationibus
782 4940 973 5019 locupletata
994 4939 1182 5011 invenietur,
1206 4945 1284 5018 quot
1317 4938 1371 4999 illa
1392 4940 1515 5015 Leonis,
1540 4958 1636 5020 quam
1659 4939 1844 5012 Ouesnsllus

145 5054 227 5134 typis
248 5045 436 5129 impressit?
458 5045 532 5116 Oura
560 5041 643 5102 enirn
679 5038 818 5119 ejusdem
857 5037 1015 5117 pontilicis
1036 5042 1139 5117 Opera
1175 5055 1271 5116 paruo
1303 5037 1463 5099 volumine
1496 5038 1616 5113 iormae,
1641 5038 1688 5100 uti
1722 5042 1846 5110 vocant,

145 5157 265 5213 octavae
288 5145 336 5208 vel
357 5146 480 5225 quarta
502 5140 534 5201 in
569 5137 707 5218 antiquis
743 5134 932 5196 editionibus
967 5134 1328 5215 comprehendebantur,
1364 5134 1405 5195 ob
1440 5137 1597 5207 Ouesnelli
1633 5135 1849 5198 additamenta

145 5248 222 5311 duos
243 5242 380 5325 implent
401 5257 466 5301 uon
488 5238 617 5318 exiguos
640 5242 742 5297 tomos
757 5233 891 5295 infolio.
916 5235 1013 5307 Quem
1032 5253 1125 5314 porro
1149 5253 1210 5297 non
1236 5240 1359 5294 moveat
1382 5239 1502 5294 tanturn
1526 5234 1662 5296 studium
1685 5232 1716 5291 in
1741 5232 1846 5293 Leone

144 5345 267 5409 edendo
289 5340 331 5404 ab
353 5357 390 5402 eo
426 5340 605 5417 susceptum
643 5340 675 5395 et
696 5333 818 5395 naviter
850 5331 1041 5411 impensum,
1065 5331 1119 5411 qui
1155 5330 1316 5410 praestanti
1337 5330 1464 5409 ingenio
1486 5338 1517 5392 et
1539 5331 1636 5390 multu
1671 5325 1848 5392 eruditione

144 5450 284 5516 ornatus,
313 5437 485 5520 plurimum
521 5438 658 5514 poterat,
680 5432 797 5512 quique
821 5430 955 5510 priorem
980 5429 1150 5491 editionem
1187 5428 1277 5488 novis
1298 5428 1380 5489 curis
1411 5428 1607 5506 recognitam
1629 5432 1701 5505 post
1735 5424 1848 5504 viginti

146 5543 285 5625 quinque
313 5550 417 5600 annos
446 5530 561 5595 recusit
586 5528 770 5603 aestimem,
801 5525 880 5590 adeo
910 5526 1114 5589 utlirnetaet
1141 5525 1290 5606 perlecta,
1320 5532 1474 5605 quantum
1491 5540 1631 5602 pereum
1648 5522 1847 5603 tleripotuit,

144 5638 277 5728 judicari
306 5630 449 5705 debeat?
472 5628 641 5715 Magnifica
668 5626 795 5713 quidem
810 5625 913 5711 elogia
937 5644 958 5691 a
985 5625 1227 5712 quampluribus
1250 5622 1395 5689 litteratis
1422 5619 1498 5683 virts
1525 5619 1664 5687 obtinuit
1691 5619 1850 5707 ejusmodi
