4050 6175
109 288 165 363 nt
686 329 690 339 ·
810 284 1004 356 cenacto
1023 284 1119 358 m.
1716 284 1724 305 '
1748 288 1819 363 ded

108 430 171 502 post
183 427 324 501 socsptss
338 422 494 484 Theodosii
509 421 632 495 litterae
647 423 677 484 id
693 428 738 484 est
752 423 839 499 panta
853 430 921 498 post
941 440 973 483 ιιι
995 425 1062 483 idus
1076 424 1182 495 Maias:
1197 426 1299 483 notsm
1312 422 1392 483 anim
1407 422 1587 498 chronicam,
1599 440 1664 501 qno
1677 426 1747 487 idus
1760 424 1817 488 du·

107 498 170 557 nias
203 498 211 514 ’
257 502 297 565 et,
314 503 343 555 et
356 499 387 554 iii
402 497 537 572 pluribus
552 515 624 555 mss.
642 499 734 566 deest,
750 514 785 555 eii
798 497 923 554 breviori
938 497 1061 572 epistola
1075 498 1111 554 30
1123 502 1274 570 sumptam
1287 514 1324 554 ac
1339 514 1491 571 perperam
1505 497 1679 557 translatam
1693 505 1740 558 ost
1752 503 1818 576 opi·

106 574 206 628 natus
247 569 387 628 inriorem
402 586 470 652 vero
485 569 638 643 epistolam
653 571 688 624 30
703 569 825 627 missam
843 569 934 626 tuisse
947 586 998 642 per
1012 569 1124 696 legatos
1138 568 1236 625 idibus
1252 569 1331 625 lunii
1347 569 1536 629 manifestum
1550 576 1604 629 est.
1622 628 1626 635 ,

136 644 167 707 4.
185 642 254 699 llaec
268 645 369 699 tanim
383 640 481 715 opinio
496 657 549 698 nec
565 640 692 723 probari,
709 656 761 697 neo
775 641 891 697 delendi
916 645 1021 714 potest.
1061 657 1111 696 um
1133 641 1212 696 euim
1228 640 1284 696 Leo
1300 640 1486 714 imperatoris
1498 641 1613 700 litteras
1627 659 1693 701 acce
1715 642 1770 700 erit
1783 663 1816 703 ιιι

102 714 174 772 idus
190 714 296 780 Maias,
310 712 336 770 si
350 713 452 771 statim
468 712 635 795 scripsisset
649 713 685 768 ud
699 711 893 795 lffulcheriam,
905 712 959 768 adl
982 728 1049 794 suni
1060 712 1148 769 etiam
1158 711 1365 786 imperatorem
1380 712 1589 786 rescripsisset.
1599 661 1815 791 liquefactam

100 801 171 842 sum
189 790 314 867 accepta
325 784 510 866 imperatoris
524 782 649 866 epistola
663 800 695 839 ιιι
710 783 778 840 idus
788 783 890 850 Maias,
901 730 1067 840 etl'favisni
1083 782 1187 840 litteris
1203 798 1254 857 per
1269 784 1346 839 idem
1361 783 1476 840 circiter
1490 789 1607 858 teinpus
1620 787 1824 863 acceptisuiig

99 872 168 912 com
187 860 285 930 gestis
299 853 626 928 constantinopolitane
640 855 744 928 synodi
760 855 900 912 adversus
915 855 1085 928 helymam,
1096 868 1162 912 mox
1181 855 1336 928 scripsisse
1356 856 1392 913 ad
1414 856 1552 913 eumdem
1566 856 1738 915 Flsuanum
1750 859 1817 917 bre·

98 928 264 987 tissimum
279 926 433 1009 epistolarii
448 929 493 995 27,
509 943 549 982 xii
562 924 753 1009 kal3tunias,
790 942 828 1008 ua
846 942 914 982 euin
929 926 965 981 de
980 926 1105 1009 acceptis
1148 926 1220 984 estis
1240 927 1365 996 monuit,
1382 941 1435 985 nec
1450 943 1509 984 nan
1523 928 1560 985 de
1575 927 1678 995 lusioai
1692 930 1816 1002 epistola

98 1015 195 1073 qnam
212 997 303 1055 citius
317 998 381 1054 fieri
396 1004 495 1071 posset
508 997 744 1079 transmittenda,
760 1014 779 1052 u
802 1015 811 1051 ι
825 998 861 1053 de
876 1002 1073 1053 conuoversia
1086 943 1234 1081 judiciuin
1257 997 1389 1054 terretur.
1407 998 1479 1054 Huic
1494 1002 1593 1055 autem
1607 1000 1704 1056 studio
1719 1000 1815 1059 iuteri-

97 1076 157 1139 tus,
178 1087 240 1127 nec
256 1085 313 1126 nan
327 1068 432 1148 legatis
446 1068 482 1126 eli
521 1069 588 1126 ndis
610 1073 697 1141 atque
718 1066 909 1134 instruendis,
925 1068 975 1141 qui
991 1069 1114 1125 concilia
1125 1070 1188 1141 jam
1204 1068 1314 1125 indicto
1328 1069 1389 1126 vioe
1404 1070 1451 1126 sui
1474 1070 1660 1136 interessent,
1675 1066 1816 1145 epistolas

95 1141 246 1216 pluribus
261 1141 418 1198 tradendas
431 1139 486 1196 ini
510 1140 550 1197 ud
562 1143 680 1213 tempus
689 1139 814 1208 distulit,
824 1155 882 1212 quo
896 1139 983 1224 legati
994 1157 1061 1196 cuin
1071 1140 1239 1215 dogmatica
1248 1141 1371 1213 epistola
1386 1142 1619 1200 transfretarent,
1629 1143 1701 1199 ilinc
1716 1138 1817 1216 plures

95 1214 243 1296 ejusdem
255 1211 383 1294 epistole
394 1212 468 1295 date
481 1211 620 1285 leguntur
632 1210 738 1269 iisdem
748 1210 963 1294 idihnsUJuniis,
987 1211 1074 1293 nibus
1082 1212 1291 1285 dogmatiosad
1301 1212 1470 1270 Flavianum
1478 1213 1565 1285 epist.
1577 1215 1613 1269 28
1621 1214 1737 1288 signata
1748 1215 1815 1286 luit,

93 1301 126 1342 sc
142 1303 180 1340 ιιι
196 1284 340 1341 omnibus
350 1287 541 1340 nominantur
549 1281 648 1356 legati,
658 1288 687 1338 et
698 1283 800 1339 eadem
811 1283 936 1355 epistola
947 1227 984 1339 a}
992 1281 1161 1339 Flavianum
1174 1282 1232 1339 illis
1238 1285 1301 1355 jam
1312 1283 1420 1343 tradita
1430 1289 1619 1341 memoratur.
1628 1289 1740 1343 Horam
1749 1304 1816 1347 vero

94 1356 242 1419 omnium
255 1354 472 1428 satisexpressa
486 1355 519 1411 llt
534 1355 642 1411 mentio
652 1354 741 1410 etiam
756 1353 787 1410 in
802 1353 925 1426 longiori
940 1354 1026 1426 epist,
1037 1354 1068 1409 31
1081 1354 1116 1410 ad
1130 1353 1323 1422 Pulcheriam,
1335 1355 1497 1429 legatorum
1508 1355 1628 1429 quidem
1643 1354 1702 1413 illis
1717 1359 1816 1416 verbis
1874 1402 1879 1415 .

93 1444 161 1555 opp.
175 1429 265 1530 ⁴·³.¹”
280 1426 323 1483 tiis
336 1427 468 1554 geneses
479 1427 560 1553 ms,
571 1441 637 1498 quos
647 1427 704 1510 cicc
717 1441 779 1481 mcc
788 1428 868 1550 misle·
877 1424 1005 1552 epiptale
1016 1430 1115 1509 autem
1125 1425 1296 1509 dogmatice
1307 1426 1421 1498 scripte
1435 1426 1533 1483 idibus
1542 1427 1557 1482 1
1563 1426 1622 1510 unii
1638 1426 1698 1510 illis
1709 1430 1816 1501 capitis

93 1497 750 1656 tetstttaenmtttttttttt
760 1513 960 1650 usitate
970 1502 1344 1642 tumultuet
1358 1499 1815 1643 tltttttttttthttt:

95 1659 182 1700 mum
200 1656 340 1697 mensem
354 1645 471 1697 exarata
485 1657 518 1696 sc
533 1645 707 1696 transmissa
722 1639 780 1695 dici
795 1639 911 1712 potest?

101 1772 103 1775 ,
123 1716 157 1775 5.
177 1712 263 1778 Ouid
277 1716 376 1769 autem
391 1711 567 1768 dicendum?
578 1710 614 1767 Ut
624 1710 798 1766 omittantur
812 1710 932 1777 incerta,
943 1726 1010 1766 cam
1026 1711 1140 1766 breviar
1154 1703 1277 1784 epistola
1291 1712 1327 1765 30
1337 1711 1365 1767 in
1376 1711 1475 1767 Graeca
1490 1714 1518 1767 et
1528 1711 1631 1768 Latina
1644 1711 1814 1772 collectione

95 1782 336 1841 chalcedonensi
350 1782 525 1859 inveniatur,
535 1786 564 1839 et
577 1781 739 1853 legatorum
757 1782 877 1838 nomina
888 1781 1026 1838 distincte
1036 1782 1179 1855 proterat,
1191 1787 1225 1838 ut
1238 1781 1367 1855 epistole
1377 1788 1496 1848 cetere,
1506 1790 1569 1855 que
1580 1800 1645 1839 cum
1655 1783 1762 1842 litteris
1777 1786 1815 1842 ad

95 1855 278 1914 itomanam
295 1854 400 1911 iisdem
415 1851 520 1926 legatis
530 1854 644 1909 tradite
659 1853 749 1920 luere,
761 1852 824 1909 lieo
838 1869 896 1925 quo
918 1870 954 1910 uc
968 1853 1005 1908 ad
1020 1852 1204 1910 Pulcheriam
1216 1855 1403 1924 transmissa,
1414 1854 1568 1927 eidemque
1583 1853 1741 1928 aliquando
1754 1861 1816 1912 tra-

96 1927 169 1993 uta,
193 1942 230 1983 ac
254 1925 283 1981 iii
299 1923 415 2008 Opiente
429 1925 559 2008 vulgata,
570 1940 603 1981 ac
616 1924 721 1981 exinde
734 1925 833 1981 Greoe
847 1871 962 2007 reddita
976 1924 1076 2007 negari
1092 1929 1282 2007 conpotem..
1292 1925 1412 1982 Auotim
1423 1941 1492 1982 vero
1554 1925 1640 1983 istola
1652 1927 1698 1996 31,
1714 1927 1768 1985 otei
1783 1929 1816 1985 ia

96 2003 200 2055 eroes
214 1995 388 2054 collectione
402 1995 594 2078 desideretur,
605 2012 673 2052 cuin
686 2000 894 2077 tamenexstet
909 2013 937 2050 iii
952 1994 1086 2069 pluribus
1102 1997 1211 2052 Latinis
1223 1997 1354 2069 antiquis
1367 1942 1600 2065 collectionffius,
1612 2014 1676 2070 que
1692 1998 1817 2059 breviari

98 2067 228 2143 epistola
243 2072 355 2136 carent,
367 2068 584 2139 leoninamque
594 2067 735 2123 rationem
747 2066 860 2140 ubique,
869 2067 982 2134 reiciat,
994 2083 1011 2123 a
1023 2067 1117 2123 Leone
1127 2067 1414 2143 abjudicarinequit.
1424 2068 1532 2124 Eodem
1544 2073 1643 2127 autem
1654 2068 1701 2125 die
1713 2066 1817 2127 iduum

97 2140 173 2214 junii
191 2141 266 2196 dats
278 2138 337 2195 dici
350 2137 446 2206 debet,
457 2144 490 2194 ut
503 2155 542 2194 ea
552 2153 671 2210 quoque
681 2137 865 2195 collectiones
876 2138 1044 2209 preferant,
1054 2153 1118 2210 que
1129 2144 1230 2195 carent
1248 2138 1372 2210 epistola
1385 2138 1423 2193 30
1427 2156 1434 2206 ;
1451 2155 1545 2210 neque
1560 2140 1638 2195 enim
1648 2140 1817 2198 chronicam

101 2210 252 2285 eiusmodi
268 2214 368 2266 notam
383 2208 489 2266 harum
500 2208 703 2265 collectionum
718 2213 852 2266 auctores
866 2209 1061 2266 transcribere
1076 2212 1244 2280 potnerunt,
1259 2214 1292 2264 nt
1307 2209 1431 2281 conjecit
1443 2209 1629 2278 Quesaellus,
1643 2226 1681 2266 ex
1693 2212 1819 2284 epistola

102 2282 342 2355 imviomqoam
357 2280 366 2335 l
409 2284 541 2363 eperunt.
552 2281 622 2363 Sine
635 2280 694 2337 ullo
710 2279 940 2363 autemcertiori
955 2280 1131 2362 documento
1141 2279 1222 2337 aliud
1234 2280 1304 2362 quid
1327 2280 1387 2337 iam
1397 2280 1544 2337 elilrmare
1555 2297 1606 2337 seu
1616 2280 1817 2339 divinarenon

103 2354 179 2438 isat
192 2352 299 2411 Solum
314 2296 504 2435 proffibiliter
519 2352 597 2408 credi
613 2355 708 2425 potest
723 2350 1072 2435 duonepusdomnepistole
1082 2349 1260 2434 exemplaris
1275 2297 1395 2434 efesus
1409 2349 1816 2434 luisselucubratemlterum

104 2422 704 2625 iffielidffidfiildahtidiiit
715 2422 1474 2567 {titt{ttittttltlttttttttttittttt?
1482 2421 1815 2567 ilflettttttttltt

215 2583 290 2624 ones
377 2582 461 2622 sisse.

136 2640 162 2695 0
179 2637 334 2712 longiore
357 2636 443 2693 istola
457 2637 488 2693 in
499 2653 533 2693 aa
544 2636 732 2709 potissimum
742 2637 917 2709 discrepata
930 2633 1065 2702 hmviori,
1077 2635 1155 2718 quod
1171 2635 1200 2691 iii
1216 2633 1267 2691 illa
1282 2652 1300 2692 a
1313 2651 1377 2707 cap.
1388 2635 1452 2691 2ad
1466 2635 1597 2692 medium
1605 2637 1698 2709 capa
1712 2637 1814 2694 catho-

111 2708 190 2771 licum
201 2711 315 2784 dogma
354 2709 437 2780 iquot
451 2707 674 2781 probationibus
684 2706 832 2774 statuitur,
842 2724 906 2780 que
922 2707 952 2762 iii
968 2704 1092 2762 breviori
1103 2705 1289 2762 omittuntur.
1301 2705 1383 2762 Forte
1394 2706 1638 2780 postscriptame
1659 2706 1764 2777 ntea,
1775 2709 1814 2765 ad

108 2778 289 2847 Plavianum,
301 2781 330 2834 in
342 2796 402 2853 ,qus
416 2778 494 2836 idem
505 2778 612 2852 dogma
622 2779 769 2836 similibus
784 2776 1006 2851 probationibus
1022 2776 1139 2849 plenius
1149 2777 1346 2845 constituitur,
1359 2795 1393 2835 aii
1408 2775 1512 2834 litteris
1522 2779 1559 2835 ad
1568 2724 1752 2837 Pulcfieriam
1763 2796 1814 2837 eas

111 2852 292 2927 probationes
306 2848 640 2918 detrahendascensuit,
652 2855 681 2907 at
696 2850 750 2906 hac
764 2848 915 2905 occasione
930 2854 994 2905 eain
1033 2864 1128 2921 noque
1143 2850 1256 2920 partem
1272 2847 1421 2916 suhduxit,
1433 2864 1493 2922 qua
1507 2865 1538 2906 se
1552 2850 1710 2906 excusabat
1726 2866 1762 2906 iio
1775 2851 1814 2908 ad

110 2924 249 2995 modum
265 2920 555 2993 sccsderct,alisque
570 2937 664 3005 pauca
678 2938 732 2978 suo
748 2934 829 2977 more
844 2919 968 2976 mutavit
1041 2917 1238 2992 addiditque
1252 2919 1282 2975 in
1305 2919 1430 2976 breviori
1448 2919 1572 2993 epistola
1591 2918 1738 2993 leguntur.
1753 2922 1814 2979 liae

110 2999 199 3055 mem
214 2996 246 3053 in
261 2993 412 3051 Orientem
426 2992 528 3059 missa,
538 2992 661 3065 epistola
670 2990 790 3065 longior
799 2993 836 3048 ob
847 2990 1043 3064 dogmaticam
1054 2990 1195 3047 lusionem
1210 2990 1427 3049 institutionem
1438 2991 1674 3050 Occidentalibus
1686 2993 1814 3051 manime

110 3065 225 3138 placuit,
237 3070 268 3124 et
283 3064 392 3122 idcirco
407 3062 469 3120 hec
483 3063 673 3136 potissimum
687 3060 763 3120 inter
778 3061 895 3119 Latinos
909 3061 957 3118 vul
981 3067 1029 3119 ata
1044 3061 1109 3118 luit.
1309 3091 1312 3098 »

135 3137 281 3204 minum
294 3135 341 3193 hic
356 3135 500 3208 suspicari
510 3135 657 3209 quispiam
675 3138 783 3207 posset,
793 3134 946 3207 epistolam
959 3077 1006 3216 gl,
1018 3133 1055 3190 ad
1072 3132 1267 3214 Pulcheriam,
1277 3149 1345 3215 cum
1359 3132 1472 3208 aliquot
1485 3135 1648 3198 sententias
1667 3131 1814 3192 contiueat

110 3207 217 3265 similes
232 3207 388 3266 mntentiis
398 3205 528 3276 epistole
537 3207 583 3272 37,
594 3207 630 3262 sd
642 3205 837 3262 Theodosium
849 3206 925 3261 dete
940 3205 988 3260 die
1001 3206 1038 3259 20
1051 3204 1067 3260 J
1071 3205 1143 3270 acii,
1155 3204 1257 3260 eodem
1273 3204 1320 3260 dis
1335 3204 1474 3277 scriptum
1495 3221 1529 3261 so
1543 3206 1645 3262 eadem
1653 3205 1813 3263 occasione

109 3279 226 3336 nissum
237 3278 341 3336 laissa.
351 3279 408 3334 leo
419 3277 561 3334 nimirum
572 3277 699 3350 acceptis
709 3275 910 3348 imperialibus
920 3274 1036 3342 litteris,
1050 3292 1113 3348 que
1124 3275 1220 3358 'ipsum
1232 3274 1397 3332 invitabant
1406 3275 1443 3331 ad
1453 3276 1611 3348 synodum,
1624 3276 1701 3332 siout
1710 3276 1766 3333 hac
1776 3278 1813 3334 de

109 3350 445 3408 rsbisad'l'heodosium
456 3348 584 3421 scripsit,
594 3349 635 3406 ita
642 3349 731 3405 etiam
741 3348 789 3404 liis
798 3348 834 3404 ad
846 3345 1029 3403 Pulcheriam
1038 3347 1193 3418 scripsisse
1200 3346 1291 3402 videri
1303 3345 1550 3418 potestsPrimum
1560 3348 1598 3403 sd
1608 3351 1749 3420 utrosque
1760 3364 1812 3420 per

110 3418 216 3496 lagatos
224 3421 347 3505 scripsit
356 3419 456 3478 idibus
464 3419 556 3487 lunii,
568 3420 604 3475 ad
613 3418 811 3476 Theodosium
822 3416 945 3490 epistola
958 3419 1004 3485 29,
1016 3419 1050 3472 ad
1065 3415 1246 3476 Pulcheriam
1257 3433 1325 3473 vcro
1340 3416 1519 3489 epistola30.
1531 3417 1606 3476 Dein
1616 3433 1684 3474 cum
1698 3417 1736 3475 ad
1751 3417 1810 3473 im-

109 3496 268 3576 perstarem
254 3497 392 3620 oditerum
386 3488 651 3619 Stqutitlepiattollzaip1
660 3490 695 3545 37
705 3490 751 3546 die
762 3491 798 3545 20
808 3489 944 3558 lunii,ea
958 3489 1031 3614 lepte
1046 3488 1081 3571 de
1089 3503 1186 3614 pepusa
1222 3488 1280 3613 uopl1
1291 3487 1572 3613 mepperetspoetindea
1587 3487 1725 3562 angustia
1734 3493 1809 3545 tem·

109 3578 184 3690 h*
224 3577 630 3715 secessisset
641 3565 1807 3714 ttttttttttttttttttletitie„temmtttutttttttt

109 3703 159 3762 ted
174 3711 277 3764 conus
292 3705 381 3762 hdsni
396 3719 497 3761 earum
513 3703 717 3760 collectionum
728 3721 791 3776 que
807 3702 974 3759 chronicam
986 3706 1085 3757 notum
1099 3699 1449 3768 iduumtuuiiexhibent,
1461 3717 1585 3774 eemqoe
1597 3702 1810 3785 exepistola30

102 3792 162 3838 oon
178 3781 339 3851 potuerunt
353 3792 479 3845 sumere,
490 3774 566 3831 hanc
576 3774 743 3847 opinionem
755 3773 893 3830 inducere
903 3772 1100 3846 nequivimus.
1110 3771 1140 3827 ld
1157 3774 1254 3828 autem
1270 3771 1363 3828 multo
1374 3772 1523 3857 potuimus
1538 3772 1596 3830 alia
1610 3778 1734 3843 ratione,
1748 3790 1814 3858 que

110 3846 630 3990 eleemeeuuetet
641 3844 957 3974 esttenete
968 3842 1741 3974 uetttttltttltttetttitttttt
1762 3849 1816 3972 tt

109 3963 151 4045 ια’
188 3993 194 4005 ’
218 3992 374 4062 reusque
388 3935 485 4045 condes
497 3989 578 4060 ,idem
590 3990 782 4059 lactescat...
797 3995 930 4060 prestare
959 3958 1072 4043 'tubes
1090 3931 1238 4043 indigcas
1253 3931 1378 4059 epigtola
1391 3986 1436 4052 30,
1449 3957 1621 4059 peilegstos
1636 3987 1814 4061 missaque,

110 4056 152 4117 his
166 4061 315 4135 Ephesum
330 4060 468 4134 proiectis
483 4060 519 4116 ad
534 4061 696 4141 Augustam
711 4076 769 4116 aaa
781 4059 921 4131 pervenit.
955 4057 1025 4114 liam
1037 4073 1106 4139 ergo
1117 4056 1217 4113 eadem
1234 4056 1306 4112 inre
1315 4061 1345 4113 et
1354 4056 1515 4129 pleniorem
1529 4057 1815 4143 quideiupistotam

111 4130 143 4185 sd
157 4134 292 4189 eamdem
307 4130 492 4188 Pulcheriam
506 4147 538 4187 se
550 4130 609 4186 alia
623 4129 775 4187 occasione
790 4134 857 4203 post
870 4129 1034 4202 legatorum
1050 4129 1213 4185 discessum
1233 4144 1291 4183 non
1308 4127 1449 4186 direxisse
1463 4129 1630 4200 preconia
1651 4131 1724 4188 alias
1742 4129 1816 4196 hec,

112 4213 164 4257 non
175 4219 299 4276 equeac
308 4201 359 4259 illa
369 4201 449 4275 prior
459 4201 516 4258 alio
526 4202 671 4266 traducta,
680 4201 816 4258 eumdem
827 4201 962 4257 effectum
974 4199 1067 4255 multo
1078 4199 1173 4271 magis
1183 4199 1356 4270 peperisset,
1367 4199 1408 4254 ita
1418 4203 1476 4255 uto
1499 4216 1533 4255 us
1545 4217 1603 4255 non
1614 4201 1702 4258 luerit
1711 4200 1817 4275 prioris

107 4272 235 4354 anisum
247 4276 285 4330 30
298 4272 467 4346 exemplum
486 4274 529 4354 ¹ad
545 4273 679 4329 eamdem
695 4289 754 4329 una
767 4289 833 4328 oum
856 4272 941 4345 epist.
954 4273 989 4326 15
1002 4272 1125 4351 iterum·
1136 4269 1259 4325 mittere.
1274 4270 1364 4342 Igitur
1386 4216 1508 4352 epistola
1522 4270 1554 4327 31
1571 4272 1607 4326 sd
1631 4271 1815 4328 Pulcheriam

109 4357 270 4422 maon
285 4345 354 4412 luit,
365 4343 416 4402 sed
432 4344 469 4400 ab
484 4360 548 4417 ipso
564 4344 658 4401 Leone
673 4343 750 4417 apud
767 4359 798 4400 se
814 4347 934 4408 retenta,
945 4341 1066 4414 solaque
1080 4344 1165 4413 epist.
1182 4342 1217 4396 30
1232 4340 1268 4395 od
1283 4356 1349 4396 euin
1364 4357 1446 4413 prius
1461 4357 1515 4413 per
1528 4340 1536 4396 l
1592 4345 1638 4402 tos
1654 4342 1773 4406 directa,
1788 4345 1818 4398 ct

113 4417 211 4474 lteram
227 4433 296 4474 cum
311 4432 327 4472 e
350 4415 390 4471 'st
404 4416 450 4481 ts,
461 4415 538 4471 unde
553 4414 614 4470 hec
629 4413 693 4471 sola
707 4416 738 4470 in
753 4414 886 4470 Grecum
900 4414 1036 4469 traducta
1051 4412 1116 4476 suit,
1130 4416 1162 4466 ut
1176 4428 1298 4467 numero
1313 4413 1331 4466 6
1345 4411 1536 4483 conjecimus.
1576 4428 1630 4468 unc
1640 4417 1738 4470 autem
1753 4413 1817 4469 hre-

112 4485 214 4545 norem
228 4489 324 4561 episto
389 4527 397 4554 ,
413 4502 481 4548 cum
497 4487 533 4542 ad
548 4484 731 4543 Pulcheriam
746 4490 825 4544 certo
842 4484 934 4542 missa
948 4483 1047 4549 luerit,
1062 4482 1193 4555 primum
1209 4483 1401 4557 pmleramus.

800 4583 839 4655 (o)
857 4581 1031 4639 EPISTULA
1050 4578 1131 4636 XXX.

745 4687 782 4727 is
801 4686 984 4727 coronamini
998 4684 1164 4726 ioousriiai.

123 4829 127 4833 ,
159 4762 351 4822 emonem-
366 4764 389 4817 1.
407 4761 547 4818 Ctn'stcm
561 4762 650 4817 nostri
662 4763 769 4832 perieris
783 4760 921 4817 hominem
943 4760 1009 4817 esse.
1025 4758 1145 4816 Nestorii
1162 4760 1188 4813 ct
1202 4757 1332 4830 Eutychio
1349 4772 1467 4815 errores.
1480 4789 1516 4801 ·-
1530 4758 1567 4816 ΙΙ.
1584 4760 1652 4817 dom
1665 4764 1766 4819 ocrim

579 4833 672 4888 carnis
686 4834 717 4887 in
732 4831 837 4888 Christo
851 4833 1005 4905 impetitur,
1021 4835 1106 4887 totam
1120 4828 1201 4901 iidem
1215 4831 1333 4887 conniti.

1004 4932 1088 4999 848
1110 4946 1146 5005 'l'q
1177 4941 1332 4993 ἐιᾶιξιιιὶτη,
1367 4940 1408 4986 nal
1443 4943 1662 5004 ptlnotlpionocitq
1698 4942 1799 5004 θυγατρὶ

1214 5017 1359 5079 ΙΙιιυῑχερίᾳ,
1374 5016 1444 5064 Λέων
1458 5016 1591 5070 ἐπίσκοπος

103 5009 105 5014 -
123 4955 127 4962 ’
153 4973 224 5033 w
237 4977 279 5049 (0)
295 4976 354 5033 Lao
369 4974 535 5049 episcopus,
551 4974 723 5031 Percussis
736 4976 887 5048 Auguste.

143 5143 205 5200 tur.
219 5142 258 5200 ll.
270 5143 466 5207 -Qaantum
480 5142 537 5199 sibi
557 5140 670 5198 ilducie
693 5141 729 5198 de
754 5140 810 5197 side
833 5143 934 5197 vestre
1040 5146 1121 5195 ‘tien
1139 5135 1281 5194 escatorem
1293 5135 1349 5200 sept
1370 5136 1415 5197 τῆς
1439 5135 1543 5191 πίστεως
1564 5136 1609 5195 τῆς
1624 5133 1743 5197 1311τὲ100
1761 5148 1798 5195 pi·

93 5239 97 5252 ¹
111 5225 270 5289 'simma
278 5229 410 5288 Mesia
419 5230 470 5287 Dei
479 5230 586 5287 debeat
595 5229 736 5303 polliceri,
746 5228 848 5285 multis
858 5244 935 5302 saepe
1003 5227 1182 5295 λινοριιιι1αςὴ
1197 5223 1242 5274 τοῦ
1260 5229 1325 5275 θεοῦ
1348 5226 1483 5283 Ἐκκλησία
1496 5226 1584 5288 dpsilsi
1601 5222 1798 5281 suentensem,

113 5318 295 5390 probavimus
310 5318 506 5388 documentis,
518 5318 588 5375 (lum
611 5317 688 5375 siout
702 5317 813 5392 Spiritu
833 5322 934 5375 sancto
1004 5317 1102 5372 collui<
1123 5315 1238 5369 πολλάκις
1259 5314 1423 5369 tricessimo:
1440 5313 1447 5345 ¹
1465 5311 1626 5371 ἐπεδείξαμεν.
1647 5312 1728 5356 'l'otcc
1753 5306 1798 5357 τοῦ
1890 5313 1896 5324 ”

189 5426 365 5501 Scripta-13
375 5426 459 5485 Juuii
475 5444 522 5485 an.
539 5427 602 5483 119.
987 5425 1050 5482 hee
1065 5426 1218 5498 inscriptio
1240 5427 1343 5484 Latine
1368 5429 1448 5485 reddi
1461 5457 1465 5466 ·
1477 5429 1592 5500 potest:
1608 5424 1817 5483 Gloriosisoime

106 5521 119 5579 '.
165 5498 230 5570 lla,
245 5516 324 5556 mss.
349 5498 462 5555 Lotiuis
490 5496 671 5556 collectionis
686 5495 933 5556 Chalcedonensis
986 5506 1012 5554 et
1026 5497 1233 5554 domonstres
1246 5501 1317 5569 litte
1336 5500 1491 5556 Patctcrie
1512 5497 1724 5570 teocpucoput.
1741 5497 1818 5555 lleti-

111 5569 191 5625 mscri
227 5569 257 5627 io
280 5567 480 5638 desideratum
506 5567 602 5625 solum
627 5570 707 5625 enim
736 5567 860 5624 hahetur
886 5566 933 5623 hic
988 5568 1109 5633 unimus
1138 5569 1362 5642 inscriptionem
1385 5570 1546 5642 vulgatam,
1563 5585 1627 5642 quae
1651 5569 1682 5626 lii
1705 5571 1818 5628 ceteris

113 5639 208 5698 titulus
223 5658 232 5698 ε
296 5643 301 5653 ’
325 5641 371 5697 ola
384 5642 482 5698 uenis
495 5640 692 5713 archiepiscopi
710 5640 800 5696 hone
813 5639 848 5695 od
862 5639 932 5694 Put·
987 5640 1098 5697 nostris
1113 5640 1225 5696 Latinis
1241 5641 1391 5697 codicibus
1406 5639 1523 5714 legitur.

111 5710 231 5771 mus·
349 5719 414 5769 um.
444 5712 484 5768 lis
511 5711 572 5768 anti
594 5727 632 5767 us
658 5716 758 5767 autem
788 5710 932 5775 versione,
1023 5713 1080 5768 11ιι
1096 5728 1190 5784 marg.
1206 5709 1276 5768 edit.
1293 5711 1390 5782 Rom,
1406 5719 1555 5786 teipsam.
1571 5714 1690 5772 Extat.

104 5793 174 5855 qu
191 5782 350 5843 io‘oreois
364 5782 449 5842 codd.
466 5727 751 5841 Chalcedonensibus
775 5781 931 5849 invenitur,
1501 5766 1506 5786 ⁵
